2678 3968
588 828 896 905 ΗΡΟΔΟΤΟὙ

711 982 769 1024 ΤΟΥ

282 1087 699 1155 ΑΛΙΚΑΡΝΗΣΣΕΟΣ
727 1087 968 1156 ΙΣΤΟΡΙΩΝ
993 1087 1195 1156 ΕΝΝΑΤΗ

484 1231 773 1281 mmmmm
790 1231 992 1283 ΚΑΛΛιοΠΗ.

203 1496 220 1546 ι
327 1475 585 1542 ΜΑΡΔΟΝΙΟΣ
603 1475 650 1558 δέ,
670 1477 713 1552 ὥς
731 1475 767 1542 οί
781 1477 1008 1560 ἀπονοστήσας
1024 1473 1239 1565 Ἀλέξανδρος

235 1583 278 1647 τὰ
303 1584 391 1667 παρὰ
414 1580 601 1666 Ἀθηναίων
628 1582 784 1666 ἐσήμηνε,
812 1580 970 1666 ὁρμηθεὶς
997 1581 1033 1649 έκ
1055 1587 1238 1668 Θεσσαλίης

235 1682 296 1771 ἦγε
322 1688 383 1771 τήν
410 1688 565 1770 στρατιήν
592 1689 722 1772 σπουδή
749 1685 802 1754 έπὶ
827 1689 886 1764 τὰς
905 1683 1060 1771 Ἀθήνας·
1091 1689 1172 1754 ὅκου
1200 1686 1238 1754 δέ

237 1792 388 1858 ἑκάστοτε
408 1797 545 1877 γίνοιτο,
568 1793 706 1869 τούτους
723 1794 960 1876 παρελάμβανε.
995 1805 1083 1858 τοῖσι
1100 1791 1138 1860 δέ
1155 1799 1237 1860 Θεσ-
1311 1797 1312 1820 ²

236 1901 352 1982 σαλίης
373 1897 581 1982 ἡγεομένοισι
603 1897 679 1963 ούτε
701 1900 741 1963 τὰ
763 1899 826 1984 πρὸ
848 1908 909 1963 τοῦ
930 1897 1142 1984 πεπρηγμένα
1163 1923 1238 1984 μετ-
1311 1941 1312 1952 1

236 2002 329 2089 έμελε
352 2001 452 2069 οὐδὲν
470 2005 580 2090 πολλῷ
598 2025 633 2068 τε
651 2007 777 2086 μᾶλλον
795 2003 917 2086 ἐπῆγον
934 2004 993 2068 τὸν
1012 2003 1158 2087 Πέρσην,
1181 2005 1237 2071 καὶ

236 2107 493 2195 συμπροέπεμψέ
503 2132 538 2174 τε
557 2107 673 2192 Θώρηξ
692 2107 710 2174 ὁ
726 2113 908 2194 Ληρισαῖος
924 2107 1050 2193 Ξέρξην
1068 2109 1237 2194 φεύγοντα

235 2213 291 2280 καὶ
316 2217 389 2280 τότε
416 2216 451 2280 έκ
476 2223 537 2280 τοῦ
559 2222 707 2300 φανεροῦ
730 2222 853 2297 παρῆκε
874 2215 1074 2298 Μαρδόνιον
1100 2213 1154 2280 έπὶ
1175 2217 1237 2299 τήν

198 2316 381 2385 ΞἙλλύδα.
432 2319 500 2385 ἐπεὶ
528 2315 565 2384 δέ
591 2321 814 2404 πορευόμενος
840 2322 966 2402 γίνεται
992 2318 1011 2384 δ
1034 2322 1172 2403 στρατὸς
1199 2322 1237 2388 ἐν

235 2429 426 2507 Βοιωτοῖσι,
454 2424 490 2489 οί
514 2427 653 2507 Θηβαῖοι
679 2423 925 2508 κατελάμβανον
951 2425 1010 2490 τὸν
1036 2427 1237 2510 Μαρδόνιον

235 2529 291 2597 καὶ
322 2530 565 2613 συνεβούλευον
594 2529 681 2617 αὐτῷ
711 2528 862 2612 λέγοντες
891 2529 936 2605 ὡς
964 2529 1025 2594 οὐκ
1052 2536 1102 2614 είη
1129 2543 1238 2618 χῶρος

235 2637 479 2720 ἐπιτηδεότερος
510 2634 866 2720 ἐνστρατοπεδεύεσθαι
892 2635 1035 2717 ἐκείνου,
1063 2633 1143 2703 οὐδὲ
1170 2641 1237 2704 έων

235 2742 322 2809 ίέναι
340 2738 512 2823 ἑκαστέρω,
531 2735 603 2804 ἀλλ’
625 2739 728 2805 αὐτοῦ
747 2740 898 2824 ἱζόμενον
915 2739 1040 2806 ποιέειν
1058 2742 1142 2819 ὅκως
1155 2742 1238 2829 ιἰμα-

234 2846 309 2934 γητὶ
330 2847 392 2930 τήν
413 2855 522 2910 πᾶσαν
538 2841 680 2910 Ἑλλάδα
696 2843 959 2928 καταστρέψεται
994 2849 1076 2912 κατὰ
1092 2845 1155 2932 μὲν
1171 2852 1239 2936 γὰρ

233 2956 273 3020 τὸ
296 2953 433 3039 ίσχυρὸν
447 2949 610 3035 Ἓλληνας
628 2949 904 3035 ὁμοφρονέοντας,
927 2952 1037 3032 οἵπερ
1059 2950 1114 3016 καί
1131 2953 1239 3040 πόρος

233 3059 337 3124 ταύτὰ
357 3058 547 3142 ἐγίνωσκον,
571 3057 695 3142 χαλεπὰ
712 3051 798 3121 εἶναι
815 3059 1043 3142 περιγίνεσθαι
1060 3055 1114 3123 καὶ
1132 3059 1236 3126 ἅπασι

234 3165 455 3247 ἀνθρώποισι·
491 3163 536 3228 Ec
565 3157 603 3227 δέ
633 3164 781 3238 ποιήσεις
810 3163 850 3226 τᾶ
881 3161 973 3246 ἡμεῖς
1002 3164 1238 3250 παραινέομεν,

234 3273 363 3352 έφασαν
382 3267 541 3351 λέγοντες,
561 3265 642 3345 έξεις
660 3267 790 3344 ἀπόνως
808 3267 935 3332 ἅπαντα
952 3269 993 3332 τὰ
1006 3268 1142 3335 ἐκείνων
1156 3274 1236 3354 βου-

232 3375 386 3458 λεύματα.
413 3372 516 3456 πέμπε
534 3375 680 3457 χρήματα
698 3372 731 3448 ές
744 3374 822 3448 τοὺς
835 3373 1096 3450 δυναστεύοντας
1109 3375 1237 3460 ἄνδρας
1305 3427 1306 3456 ,

231 3477 271 3542 έν
299 3485 373 3560 τῇσι
401 3479 526 3560 πόλισι,
553 3475 692 3562 πέμπων
719 3473 756 3541 δὲ
784 3477 846 3560 τήν
868 3473 1008 3544 Ἑλλάδα
1035 3479 1239 3564 διαστήσεις·
