2678 3970
203 236 267 298 194
611 230 798 287 HERODOTI

200 377 337 452 οὐδενὸς
364 375 505 441 ἅπτοντο
534 375 610 441 οὐτε
633 376 814 458 ὑποζυγίου
843 377 919 442 οὐτε
942 377 1141 464 ἀνθρώπου,
1171 382 1207 446 οὑ

199 477 236 547 δέ
267 483 324 558 τὰς
355 485 522 567 καμήλους
553 482 718 568 ἐκεράιζον
745 483 880 567 μούνας.
929 485 1072 568 θωμάζω
1100 483 1138 552 δέ
1164 489 1203 553 τὸ
1320 465 1321 492 F

199 593 316 670 αίτιον,
341 588 359 653 ὅ
381 611 414 652 τι
436 584 510 653 κοτὲ
533 583 576 670 ήν
597 599 665 653 τῶν
688 590 798 653 ἄλλων
820 590 859 654 τὸ
881 589 1065 674 ἀναγκάζον
1087 591 1201 677 ἀπεχο-

198 692 319 777 μένους
344 697 422 770 τοὺς
450 693 584 770 λέοντας
610 703 685 778 τήσι
711 697 885 779 καμήλοισι
912 695 1136 782 ἐπιτίθεσθαι,
1164 701 1203 764 τὸ

198 803 277 883 μήτε
312 803 475 886 πρότερον
509 801 683 866 ὀπώπεσαν
718 805 842 887 θηρίον
877 800 953 885 μήτ’
993 803 1203 888 ἐπεπειρέατο

145 922 196 972 126
207 906 318 970 αὐτοῦ.
369 905 434 971 εἰσὶ
468 903 505 971 δὲ
540 907 621 970 κατά
652 914 754 970 ταῦτα
785 909 825 971 τά
856 911 959 993 χωρία
986 907 1041 973 καὶ
1071 909 1204 988 λέοντες

197 1009 314 1076 πολλοὶ
345 1009 401 1076 καὶ
427 1014 503 1093 βόες
530 1013 655 1097 ἄγριοι,
688 1023 755 1077 τῶν
781 1014 821 1077 τά
847 1013 944 1099 κέρεα
970 1014 1203 1100 ὑπερμεγάθεα

198 1118 266 1183 ἐστι
287 1119 327 1182 τά
350 1117 383 1192 ἐς
397 1114 560 1199 Ἕλληνας
583 1115 766 1200 φοιτέοντα.
804 1113 904 1204 οὖρος
927 1116 965 1184 δὲ
982 1131 1069 1184 τοῖσι
1087 1120 1207 1186 λέουσί

197 1223 265 1288 ἐστι
293 1223 368 1288 ὅτε
395 1218 438 1286 δι’
463 1217 631 1306 Ἀβδήρων
658 1221 743 1306 ῥέων
770 1225 916 1308 ποταμὸς
944 1224 1072 1302 Νέστος
1098 1226 1153 1292 καὶ
1181 1227 1201 1292 ὑ
1320 1245 1321 1304 3

197 1329 248 1394 δι’
269 1325 484 1414 Ἀκαρνανίης
507 1326 592 1412 ῥέων
612 1325 782 1415 Ἁχελῷος·
807 1330 883 1395 οὐτε
903 1332 966 1416 γὰρ
984 1332 1021 1395 τὸ
1040 1333 1122 1416 πρὸς
1139 1335 1203 1416 τήν
1320 1335 1321 1344 ’

195 1435 243 1519 ήῶ
265 1444 326 1500 τοὺ
348 1433 480 1500 Νέστου
504 1433 672 1518 οὐδαμόθι
693 1435 800 1519 πάσης
817 1444 875 1519 τής
898 1439 1066 1522 ἔμπροσθε
1084 1438 1202 1524 Εὐρώ-

195 1563 259 1624 πης
286 1542 353 1605 ίδοι
374 1563 424 1617 τις
446 1539 489 1604 άν
511 1537 643 1622 λέοντα,
672 1541 749 1616 οὐτε
769 1543 851 1626 πρὸς
874 1540 1012 1628 ἑσπέρης
1034 1553 1095 1608 τοῦ
1114 1540 1202 1629 Ἀχε-

196 1649 284 1736 λῴου
307 1647 344 1712 ἐν
366 1656 405 1732 τῇ
428 1646 585 1734 ἐπιλοίπῳ
609 1647 744 1734 ήπείρῳ,
763 1645 834 1712 ἀλλ’
861 1648 898 1712 ἐν
919 1657 959 1732 τῇ
982 1647 1103 1733 μεταξὺ
1125 1653 1201 1716 τού-

143 1769 193 1817 127
203 1778 270 1820 των
296 1763 363 1819 τῶν
389 1763 545 1836 ποταμῶν
572 1756 730 1835 γίνονται.
776 1753 820 1829 ὡς
852 1749 890 1818 δέ
917 1754 950 1830 ἐς
977 1756 1039 1838 τήν
1066 1753 1203 1841 Θέρμην

196 1862 327 1928 ἀπίκετο
351 1860 370 1926 ὑ
388 1859 521 1946 Ξέρξης,
545 1860 661 1944 ἵδρυσε
682 1859 786 1924 αὐτοῦ
803 1860 865 1942 τήν
883 1864 1048 1945 στρατιήν.
1086 1859 1202 1946 ἐπέσχε

196 1965 233 2034 δὲ
255 1967 273 2034 ὑ
297 1969 434 2053 στρατὸς
457 1965 561 2031 αὐτοῦ
584 1967 926 2051 στρατοπεδευόμενος
947 1967 1008 2049 τήν
1031 1969 1119 2052 παρά
1137 1968 1201 2032 θά-
1320 2029 1321 2052 ,

194 2081 322 2140 λασσαν
345 2075 456 2158 χώρην
478 2073 629 2156 τοσήνδε,
653 2071 833 2157 ἀρξάμενος
851 2071 914 2136 άπὸ
934 2073 1063 2157 Θέρμης
1085 2074 1202 2150 πόλιος
1320 2151 1321 2160 ¹

194 2179 249 2245 καί
284 2189 341 2262 τής
373 2180 571 2262 Μυγδονίης
607 2176 702 2262 μέχρι
728 2178 862 2243 Λυδίεώ
893 2200 928 2242 τε
963 2187 1113 2262 ποταμοῦ
1144 2177 1202 2244 καὶ

190 2282 417 2367 Ἁλιάκμονος,
448 2287 484 2348 οἳ
508 2285 678 2369 οὐρίζουσι
705 2292 768 2366 γήν
790 2284 851 2366 τήν
874 2285 1064 2349 Βοττιαιίδα
1086 2307 1121 2349 τε
1143 2283 1201 2350 καὶ

193 2389 421 2470 Μακεδονίδα,
440 2389 473 2464 ές
486 2389 592 2453 τώυτὸ
608 2386 776 2473 [ῥέεθρον]
790 2390 827 2453 τὸ
843 2389 935 2474 ὕδωρ
950 2393 1201 2474 συμμίσγοντες.

194 2495 510 2580 ἐστρατοπεδεύοντο
538 2489 598 2578 μέν
626 2495 667 2576 δή
697 2493 734 2558 έν
760 2494 907 2560 τούτοισι
934 2507 1020 2561 τοῖσι
1047 2499 1200 2582 χωρίοισι

194 2602 231 2667 οί
249 2601 425 2686 βάρβαροι,
448 2610 515 2664 τῶν
539 2596 576 2663 δὲ
598 2599 867 2684 καταλεχθέντων
889 2602 1017 2666 τούτων
1040 2599 1200 2687 ποταμῶν

194 2708 231 2774 ἐκ
261 2709 508 2793 Κρηστωναίων
540 2704 626 2790 ῥέων
649 2701 843 2793 Ἐχείδωρος
873 2716 998 2791 μοῦνος
1028 2708 1091 2773 οὐκ
1122 2708 1199 2773 άντ-
1320 2759 1321 2770 ,

194 2814 310 2900 έχρησε
331 2821 371 2898 τῇ
394 2821 528 2898 στρατιή
551 2815 727 2897 πινόμενος
749 2810 821 2878 ἀλλ’
848 2813 985 2878 ἐπέλιπε.

139 2938 192 2988 128
282 2919 404 3004 Ξέρξης
429 2915 467 2984 δὲ
490 2917 597 3005 ὁρέων
620 2918 655 2983 ἐκ
676 2927 733 3002 τῆς
756 2917 886 3004 Θέρμης
908 2921 988 3006 ὐρεα
1009 2922 1050 2984 τά
1072 2925 1200 2986 Θεσσα-
1318 2909 1321 2919 ⁴

194 3027 282 3108 λικά,
314 3029 373 3091 τόν
399 3048 434 3090 τε
457 3023 626 3110 Ὄλυμπον
657 3022 713 3090 καὶ
739 3025 800 3108 τήν
822 3024 962 3111 Ὄσσαν,
995 3027 1138 3110 μεγάθεΐ
1161 3049 1198 3092 τε

193 3132 380 3216 ὑπερμήκεα
403 3131 509 3214 ἐόντα,
533 3133 588 3196 διά
611 3130 713 3215 μέσον
732 3153 767 3196 τε
785 3131 895 3196 αὐτῶν
914 3132 1047 3197 αὐλῶνα
1066 3133 1199 3198 στεινὸν

193 3240 448 3320 πυνθανόμενος
475 3232 574 3320 εἶναι,
603 3233 647 3302 δι’
679 3231 720 3302 οὑ
747 3236 814 3322 ῥέει
836 3237 855 3302 ὑ
879 3241 1037 3321 Πηνειός,
1065 3238 1199 3302 ἀκούων

193 3364 228 3406 τε
250 3341 351 3426 ταύτη
375 3336 460 3406 εἶναι
487 3341 568 3407 ὑδὸν
597 3342 630 3418 ἐς
652 3345 839 3425 Θεσσαλίην
861 3342 1048 3429 φέρουσαν,
1077 3343 1197 3408 ἐπεθύ-

193 3463 275 3532 μησε
306 3446 438 3522 πλάσας
468 3449 660 3530 θεήσασθαι
691 3448 752 3530 τήν
780 3447 920 3532 ἐκβολήν
947 3458 1008 3514 τοῦ
1035 3454 1197 3533 Πηνειοῦ,
