2640 3960
410 234 478 290 ΜΒ.
492 234 538 289 vl.
575 233 826 292 omme-11⁶.
1057 239 1119 304 121.

1 463 2 468 ¹
116 370 203 458 ήσαν
233 372 271 442 δὲ
297 378 425 444 στάδιοι
452 378 514 444 οὐκ
540 378 715 456 ἐλάσσονες
736 381 773 445 τὸ
797 383 987 466 μεταίχμιον
1011 382 1121 449 αὐτῶν

1 539 3 554 ,
116 480 137 564 ή
162 480 254 546 ὀκτώ.
299 483 335 548 οί
354 481 391 549 δέ
414 483 542 569 Πέρσαι
565 485 707 569 ὁρῶντες
729 487 842 573 δρόμφ
866 485 1017 566 ἐπιόντας
1039 511 1120 575 παρ

116 588 329 666 εοκευάζοντο
353 590 397 666 ὡς
415 589 595 673 δεξόμενοι,
618 594 741 674 μανίην
759 613 793 656 τε
811 601 898 656 τοῖσι
913 589 1120 677 Ἀθηναίοισι

117 691 280 780 ἐπέφερον
299 693 354 760 καλ
371 695 480 780 πάγχυ
496 695 667 780 ὀλεθρίην,
686 695 827 780 ὁρῶντες
841 697 963 774 αὐτοὺς
976 698 1119 783 ὀλίγους,

1 784 49 893 ,Ϊ
116 797 171 864 καί
201 800 340 878 τούτους
372 803 484 888 δρόμῳ
517 801 747 886 ἐπειγομένους
779 803 856 868 οὔτε
885 803 987 868 ἵππου
1016 804 1120 888 ὑπαρ-

0 943 3 952 ,
115 905 239 988 χοόσης
261 922 322 990 σφι
345 907 421 972 οὔτε
442 907 657 991 τοξευμάτων.
698 916 801 973 ταῦτα
824 907 885 993 μέν
907 932 971 974 νυν
990 909 1026 974 ολ
1041 909 1119 994 βάρ·

116 1013 213 1096 βαροι
239 1014 442 1090 κατείκαζον·
471 1006 642 1096 Ἀθηναῖοι
675 1007 712 1077 δέ
739 1011 843 1078 ἐπείτε
870 1013 991 1097 άθρόοι
1017 1031 1119 1099 προσ-

116 1113 229 1199 έμιξαν
246 1127 332 1181 τοῖσι
345 1117 552 1202 βαρβάροισι,
572 1116 732 1201 ἐμάχοντο
746 1117 843 1196 άξίως
857 1121 968 1202 λόγου.
994 1131 1119 1204 πρῶτοι

115 1217 175 1304 μὲν
202 1223 265 1305 γὰρ
283 1219 452 1305 Ἐλλήνων
472 1222 605 1286 πάντων
628 1233 695 1288 τῶν
716 1221 809 1306 ήμείς
831 1225 926 1308 ίδμεν
950 1225 1062 1310 δρόμφ
1086 1223 1119 1300 ἐς

113 1331 292 1412 πολεμίους
315 1327 509 1411 ἐχρήσαντο,
532 1337 656 1411 πρῶτοι
679 1323 717 1393 δὲ
739 1327 919 1412 ἀνέσχοντο
943 1328 1066 1412 ἐσθῆτά
1083 1353 1119 1394 τε

114 1433 272 1516 Μηδικήν
291 1431 432 1517 ὁρῶντες
448 1430 503 1497 καλ
521 1433 646 1518 άνδρας
662 1435 741 1510 τοὺς
757 1435 881 1516 ταύτην
900 1433 1117 1518 ἐσθημένους·

1 1541 2 1568 ³
113 1537 194 1615 τέως
221 1533 258 1603 δέ
284 1533 327 1620 ἦν
352 1547 439 1602 τοῖσι
461 1535 597 1619 Ἕλλησι
623 1535 678 1602 καί
704 1539 741 1604 τὸ
770 1539 899 1623 οὔνομα
926 1541 963 1604 τὸ
986 1542 1118 1624 Μήδων

1 1681 2 1730 ,
113 1647 220 1728 φόβος
242 1643 389 1710 ἀκοῦσαι.
425 1642 620 1728 μαχομένων
644 1640 681 1708 δὲ
703 1643 740 1709 έν
757 1644 803 1731 τῷ
822 1649 1015 1729 Μαραθῶνι
1032 1649 1169 1730 χρό-ιιο

1 1735 2 1762 ¹
112 1773 171 1825 νος
189 1749 315 1832 ἐγίνετο
333 1751 462 1824 πολλός.
494 1746 549 1814 καὶ
566 1750 604 1814 τὸ
623 1746 683 1834 μέν
701 1749 804 1834 μέσον
817 1759 878 1816 τοῦ
892 1749 1117 1835 στρατοπέδου

113 1855 233 1920 ἐνίκων
260 1855 295 1920 οἱ
318 1843 495 1940 βάρβαροι,
522 1863 561 1938 τή
589 1853 716 1939 Πέρσαι
742 1878 777 1920 τε
807 1853 901 1921 αὐτοὶ
928 1853 982 1920 καί
1009 1856 1117 1922 Σάκαι

113 1961 294 2045 ἐτετάχατο·
318 1961 399 2025 κατά
420 1969 519 2025 τοῦτο
541 1956 602 2044 μὲν
626 1960 669 2043 δή
688 1959 808 2026 ἐνίκων
831 1960 867 2024 οί
881 1961 1044 2045 βάρβαροι
1061 1957 1133 2026 καί

112 2065 268 2151 ῥήξαντες
286 2065 425 2130 ἐδίωκον
448 2065 481 2141 ἐς
502 2065 563 2148 τήν
586 2067 780 2148 μεσόγαιαν,
804 2067 841 2130 τὸ
866 2062 903 2130 δέ
924 2065 1022 2150 κέρας
1045 2066 1115 2132 ἑκά-

110 2195 209 2256 τερον
227 2171 346 2236 ἐνίκων
365 2168 542 2252 Ἀθηναῖοί
556 2193 591 2234 τε
608 2167 663 2236 καὶ
681 2168 869 2246 Πλαταιέες.
905 2182 1060 2249 νικῶντες
1078 2169 1115 2238 δὲ

1 2269 4 2275 ’
110 2279 148 2343 τὸ
169 2273 230 2361 μέν
247 2273 471 2360 τετραμμένον
492 2274 755 2359 τῶνβαρβάρων
774 2275 912 2359 φεύγειν
931 2279 1005 2359 ἔων,
1029 2289 1115 2343 τοῖσι

112 2380 149 2448 δέ
170 2384 209 2448 τὸ
228 2380 329 2464 μέσον
348 2379 465 2466 ῥήξασι
482 2380 592 2445 αὐτῶν
611 2383 854 2465 συναγαγόντες
871 2383 911 2446 τά
928 2380 1024 2468 κέρεα
1043 2384 1115 2468 [άμ

111 2490 249 2574 φότερα]
275 2486 444 2570 ἐμάχοντο,
467 2483 523 2552 καί
545 2486 664 2552 ἐνίκων
679 2483 860 2569 Ἀθηναῖοι.
897 2489 1058 2571 φεύγουσι
1078 2486 1114 2554 δὲ

110 2603 197 2659 τοῖσι
217 2590 366 2677 Πέρσησι
385 2592 516 2656 εἵποντο
535 2593 721 2675 κόπτοντες,
745 2592 814 2668 ἐςὸ
838 2590 891 2658 ἐπὶ
909 2595 970 2676 τήν
988 2593 1113 2658 θάλασ-

111 2717 174 2764 σαν
197 2697 390 2781 ἀπικόμενοι
412 2706 478 2781 πῦρ
501 2719 536 2762 τε
559 2702 669 2762 αίτεον
686 2694 742 2762 καί
760 2698 1025 2782 ἐπελαμβάνοντο
1047 2708 1114 2764 τῶν

25 2789 34 2804 ’
110 2815 205 2870 νεῶν.
242 2801 297 2868 καλ
314 2811 412 2868 τοῦτο
434 2799 495 2887 μέν
513 2802 550 2868 ἐν
567 2805 673 2892 τούτῳ
691 2811 736 2891 τῷ
755 2806 846 2891 πόνφ
866 2803 884 2868 ὁ
902 2803 1105 2887 πολέμαρχος
1117 2822 1166 2870 114

0 2917 6 2952 ’·
111 2911 353 2995 [Καλλίμαχος]
384 2909 629 2994 διαφθείρεται,
661 2907 745 2991 άνήρ
772 2911 951 2992 γενόμενος
977 2907 1112 2991 ἀγαθός,

110 3015 173 3081 άπὸ
197 3009 229 3079 δ’
255 3017 357 3080 ἔθανε
378 3025 446 3080 τῶν
469 3026 660 3100 στρατηγῶν
679 3017 866 3097 Στησίλεως
885 3012 902 3077 ὁ
922 3013 1114 3097 Θρασύλεω·
1224 3096 1240 3112 ·

109 3130 208 3188 τοῦτο
233 3115 270 3184 δέ
287 3119 489 3205 Κυνέγειρος
512 3119 529 3184 ὁ
552 3121 771 3205 Εὐφορίωνος
794 3118 940 3184 ἐνθαῦτα
964 3118 1113 3202 έπιλαβό·

1 3279 2 3292 ,
111 3251 210 3312 μενος
227 3237 294 3291 τῶν
313 3225 490 3308 ἀφλάστων
508 3227 593 3306 νεός,
611 3225 673 3307 τήν
690 3233 781 3308 χεῖρα
800 3219 975 3300 ἀποκοπεὶς
987 3222 1116 3290 πελέκει·

110 3337 234 3414 πίπτει,
258 3339 356 3396 τοῦτο
380 3327 416 3394 δὲ
439 3331 533 3395 άλλοι
552 3327 739 3414 Ἀθηναίων
761 3325 879 3393 πολλοὶ
899 3350 935 3393 τε
957 3325 1012 3394 καὶ
1039 3329 1113 3396 όνο-

110 3440 238 3522 μαστοί.
284 3435 363 3501 έπτδι
389 3432 449 3519 μὲν
477 3435 519 3518 δή
542 3445 609 3499 τῶν
635 3443 721 3500 νεῶν
745 3432 967 3517 ἐπεκράτησαν
993 3438 1102 3520 τρόπῳ
1115 3453 1164 3502 116
