2640 3960
432 260 499 315 LIB.
520 261 566 316 VI.
603 258 679 316 cAP.
699 267 732 316 52
743 267 820 316 -57,
1086 265 1126 328 91

11 419 12 454 ss
124 412 183 485 τῆς
203 401 369 486 Ἀκρισίου
392 403 604 486 καταλέγοντι
627 407 704 481 τοὺς
731 406 800 470 άνω
829 404 892 471 αἰεὶ
911 405 1051 491 πατέρας
1073 408 1130 472 αὐ·
1200 471 1203 482 ,

123 520 193 573 τῶν
221 515 396 587 φαινοίατο
429 508 470 574 άν
502 510 611 587 ἐόντες
641 511 676 575 οἰ
701 520 768 575 τῶν
791 511 952 596 Δωριέων
974 513 1132 597 ἡγεμόνες

126 616 305 698 Αἰγύπτιοι
324 615 501 697 ἰθαγενέες.
533 624 635 680 ταῦτα
654 615 715 700 μέν
733 640 797 681 νυν
815 615 1063 700 κατάἝλληνες
1081 617 1131 683 λέ-
1150 634 1184 683 54

127 738 224 803 γουσι
247 725 534 805 γεγενεηλόγηται,
563 723 607 799 ὡς
636 719 673 787 δὲ
700 721 718 788 ό
741 725 829 808 παρά
853 722 1011 808 Περσέων
1035 727 1131 805 λόγος

126 825 265 910 λέγεται,
290 826 388 904 αὐτὸς
412 827 429 893 ὁ
450 829 607 913 Περσεύς,
632 828 696 894 έὼν
712 825 894 913 Ἀσσύριος,
918 827 1047 912 ἐγένετο
1059 827 1131 892 Ἕλ-

127 939 201 1016 λην,
224 930 295 998 ἀλλ’
322 935 383 999 οὐκ
407 935 442 998 οἰ
458 933 605 1019 Περσέος
622 935 798 1019 πρόγονοι·
821 937 899 1011 τοὺς
919 935 956 1000 δὲ
967 936 1132 1016 Ἀκρισίου

128 1061 165 1120 γε
186 1039 328 1122 πατέρας
351 1039 591 1122 ὁμολογέοντας
612 1035 684 1104 κατ’
711 1042 899 1124 οἰκηιότητα
923 1037 1049 1124 Περσέι·
1076 1039 1131 1103 οὐ·

127 1144 198 1227 δέν,
216 1146 354 1222 τούτους
378 1142 414 1210 δὲ
438 1139 533 1227 εἰναι,
556 1145 638 1209 κατά
660 1167 721 1231 περ
732 1144 889 1229 Ἕλληνες
908 1145 1053 1228 λέγουσι,
1073 1145 1131 1208 Αἰ-

125 1253 295 1333 γυπτίους.
335 1249 389 1314 καὶ
416 1259 518 1315 ταῦτα
546 1249 606 1334 μέν
632 1275 696 1315 νυν
719 1249 793 1336 περὶ
815 1252 943 1316 τούτων
966 1253 1128 1335 εἰρήσθω·
1148 1266 1184 1316 55

127 1357 146 1421 3
169 1379 201 1420 τι
225 1355 272 1439 δέ,
296 1356 405 1433 ἐόντες
423 1357 610 1439 Αἰγύπτιοι,
634 1354 688 1421 καὶ
712 1357 730 1422 ὅ
752 1380 784 1421 τι
803 1355 1038 1441 ἀποδεξάμενοι
1061 1359 1132 1420 ἐλα-

127 1465 191 1546 βον
214 1463 271 1539 τάς
293 1460 454 1546 Δωριέων
478 1465 659 1545 βασιληίας,
689 1463 817 1526 άλλοισι
840 1464 903 1546 γάρ
926 1460 1000 1546 περὶ
1024 1461 1132 1526 αὐτῶν

127 1573 270 1652 εἰρηται,
299 1568 439 1652 ἐάσομεν
466 1568 564 1632 αὐτά·
596 1569 635 1631 τά
664 1563 701 1632 δὲ
724 1569 818 1632 άλλοι
841 1567 882 1632 ού
904 1568 1133 1651 κατελάβοντο,

126 1675 257 1739 τούτων
275 1675 407 1758 μνήμην
430 1676 617 1756 ποιησομαι.

220 1779 322 1865 Γέρεά
343 1802 378 1844 τε
402 1780 443 1862 δὴ
466 1779 543 1843 τάδε
566 1789 651 1844 τοῖσι
670 1782 842 1861 βασιλεῦσι
861 1783 1064 1864 Σπαρτιῆται
1083 1781 1134 1844 δε·
1153 1796 1186 1844 56

129 1887 268 1951 δώκασι·
292 1886 457 1969 ίρωσύνας
471 1885 543 1967 δύο,
563 1887 647 1961 Διός
664 1907 699 1949 τε
718 1886 969 1969 Λακεδαίμονος
982 1884 1037 1950 καί
1051 1887 1134 1961 Διὸς

129 1992 302 2076 οὐρανίου,
322 1989 377 2056 καὶ
390 1993 534 2074 πόλεμόν
548 2014 586 2074 γε
602 1989 754 2075 ἐκφέρειν
769 1984 819 2054 ἐπ’
835 1989 878 2073 ἣν
893 1989 934 2055 άν
948 1991 1134 2074 βούλωνται

128 2099 252 2184 χώρην,
276 2098 396 2162 τούτου
416 2092 452 2160 δέ
471 2095 598 2179 μηδένα
616 2091 701 2160 εἰναι
721 2095 955 2179 Σπαρτιητέων
975 2097 1134 2160 διακωλυ-

127 2207 202 2287 την,
226 2205 257 2268 εἰ
278 2200 315 2268 δὲ
337 2204 392 2286 μη,
416 2202 519 2267 αὐτὸν
542 2201 579 2267 ἐν
601 2203 646 2288 τῷ
670 2202 744 2292 ἄγει·
765 2200 950 2285 ἐνέχεσθαι·
981 2217 1131 2287 στρατευ-

128 2309 260 2393 ομένων
285 2306 321 2373 δὲ
344 2309 496 2393 πρώτους
519 2306 604 2372 ἰέναι
626 2309 704 2383 τοὺς
727 2306 890 2390 βασιλέας,
913 2307 1074 2384 ὑστάτους
1097 2305 1132 2372 δὲ

128 2412 274 2480 άπιέναι·
308 2413 425 2478 ἑκατὸν
448 2410 485 2478 δὲ
508 2413 633 2497 ἄνδρας
656 2413 799 2495 λογάδας
823 2411 875 2478 ἐπὶ
899 2423 1050 2499 στρατιῆς
1072 2438 1132 2498 φυ-

129 2522 266 2586 λάσσειν
290 2521 427 2596 αὐτούς·
458 2519 652 2603 προβάτοισι
685 2515 721 2584 δὲ
744 2527 889 2605 χρᾶσθαι
913 2519 948 2586 ἐν
970 2529 1044 2604 τῇσι
1067 2519 1134 2598 ἐξο-

129 2629 224 2711 δίησι
247 2625 395 2691 ὁκόσοισι
414 2624 456 2690 διν
475 2620 522 2690 ὧν
542 2623 696 2706 ἐθέλωσι,
710 2626 777 2690 τῶν
793 2623 830 2690 δέ
841 2624 1020 2709 θυομένων
1034 2625 1120 2689 άπάν

129 2756 199 2797 των
227 2733 268 2795 τά
300 2729 442 2816 δέρματά
473 2753 507 2795 τε
536 2728 590 2794 καὶ
621 2732 661 2795 τά
690 2741 778 2795 νῶτα
809 2731 988 2814 λαμβάνειν
1024 2727 1134 2812 σφέας.

130 2847 235 2904 ταῦτα
258 2833 318 2920 μὲν
340 2838 380 2901 τά
403 2834 593 2921 ἐμπολέμια,
616 2837 657 2900 τὰ
675 2833 712 2900 δὲ
730 2837 813 2900 άλλα
830 2837 870 2899 τά
888 2837 1037 2919 εἰρηναῖα
1055 2835 1135 2898 κατά
1154 2850 1187 2899 5⁷

130 2945 210 3009 τάδε
234 2959 295 3027 σφι
319 2941 464 3007 δέδοται·
500 2941 542 3024 ἢν
569 2945 673 3024 θυσίη
700 2965 750 3017 τις
773 2941 951 3024 δημοτελὴς
977 2937 1135 3022 ποιέηται,

131 3050 284 3134 πρώτους
311 3045 363 3112 ἐπὶ
390 3049 428 3112 τὸ
459 3049 596 3112 δεῖπνον
619 3048 699 3124 ἵζειν
721 3049 800 3122 τοὺς
822 3043 975 3128 βασιλέας
996 3042 1050 3108 καί
1073 3044 1135 3110 ἀπὸ

131 3156 261 3220 τούτων
284 3164 415 3239 πρῶτον
438 3155 611 3237 άρχεσθαι,
637 3153 792 3233 διπλάσια
814 3149 973 3234 νέμοντας
997 3148 1135 3239 ἑκατέρῳ

130 3263 173 3325 τά
195 3261 301 3324 πάντα
324 3259 344 3342 ἢ
368 3270 454 3324 τοῖσι
481 3260 609 3322 άλλοισι
638 3259 863 3339 δαιτυμόνεσι·
895 3254 950 3321 καί
973 3258 1136 3343 σπονδαρ-

132 3369 206 3450 χίας
229 3360 313 3430 εἶναι
336 3366 463 3430 τούτων
485 3361 623 3429 καὶτῶν
642 3361 814 3428 τυθέντων
832 3363 871 3426 τά
891 3361 1041 3448 δέρματα.
1065 3387 1122 3428 νεο

133 3473 254 3555 μηνίας
272 3467 309 3534 δέ
329 3469 420 3552 [άνδι]
439 3470 545 3546 πάσας
563 3466 618 3533 καί
636 3467 777 3553 ἑβδόμας
801 3467 977 3553 ἱσταμένου
999 3477 1059 3532 τοῦ
1077 3491 1136 3552 μη-
