2640 3960
205 215 248 278 84
618 211 806 269 HERODOTI

152 373 186 422 40
205 359 359 442 Θρηίκων
387 356 538 440 βασιλέος
563 358 626 440 τήν
653 355 822 440 θυγατέρα
840 353 1076 439 Ἡγησιπύλην.
1115 350 1215 434 οὗτος

207 460 243 528 δὲ
267 462 284 527 ὁ
309 465 463 546 Κίμωνος
481 463 668 545 Μιλτιάδης
690 460 808 528 νεωστὶ
827 457 888 546 μὲν
911 460 1070 543 ἐληλύθεε
1093 459 1127 537 ές
1151 464 1213 544 τήν

206 571 435 653 Χερσόνησον,
467 569 691 652 κατελάμβανε
719 567 758 632 δέ
782 592 840 651 μιν
868 567 1011 632 ἐλθόντα
1039 569 1122 632 άλλα
1145 579 1215 632 τῶν

204 676 409 758 κατεχόντων
423 675 623 759 πρηγμάτων
637 674 853 758 χαλεπώτερα.
872 675 970 759 τρίτφ
988 669 1049 756 μὲν
1068 673 1132 758 γάρ
1148 676 1216 739 ἔτεϊ

206 777 298 866 (πρὸ)
311 783 440 846 τούτων
456 783 593 857 Σκύθας
607 780 772 864 ἐκφεύγει·
797 781 928 844 Σκύθαι
945 780 1007 863 γδιρ
1022 779 1057 843 οί
1069 781 1214 863 νομάδες

205 884 436 978 ἐρεθισθέντες
449 887 513 952 ὑπὸ
529 868 680 970 βασιλέος
694 889 843 971 Δαρείου
861 885 1139 968 συνεστράφησαν
1159 885 1215 950 καὶ

205 993 332 1076 ήλασαν
346 991 441 1077 μέχρι
455 1001 512 1075 τῆς
526 995 740 1076 Χερσονήσου
754 993 881 1074 ταύτης.
905 992 1043 1068 τούτους
1058 991 1214 1069 ἐπιόντας

209 1098 270 1163 ούκ
291 1098 471 1181 ὑπομείνας
493 1098 511 1163 δ
534 1099 722 1181 Μιλτιάδης
752 1101 870 1182 ἔφευγε
896 1100 1157 1182 [Χερσόνησον],
1182 1098 1216 1175 ἐς

206 1203 224 1268 δ
249 1204 337 1269 οἵτε
364 1206 498 1269 Σκύθαι
527 1203 786 1288 ἀπαλλάχθησαν
813 1205 871 1268 καί
895 1227 953 1286 μιν
981 1203 1016 1268 οί
1043 1206 1214 1286 Δόλογκοι

205 1310 392 1392 κατήγαγον
415 1309 529 1373 ὀπίσω.
565 1306 751 1393 ταῦταμὲν
776 1309 816 1391 δή
840 1311 938 1394 τρίτῳ
962 1311 1029 1372 ἔτει·
1049 1311 1215 1394 πρότερον

153 1431 185 1478 41
206 1414 355 1498 ἐγεγόνεε
376 1425 444 1479 τῶν
465 1417 538 1479 τότε
561 1438 619 1498 μιν
640 1417 856 1499 κατεχόντων,
886 1417 959 1479 τότε
982 1411 1019 1478 δὲ
1040 1419 1213 1480 πυνθανό-

206 1543 305 1604 μενος
328 1515 509 1597 εἶναιτοὺς
534 1523 693 1598 Φοίνικας
716 1520 753 1586 έν
775 1517 905 1606 Τενέδῳ
928 1521 1104 1603 πληρώσας
1122 1524 1213 1606 τριή-

207 1650 283 1711 ρεας
304 1625 401 1691 πέντε
424 1627 598 1711 χρημάτων
620 1638 687 1692 τῶν
714 1629 906 1712 παρεόντων
935 1624 1073 1690 ἀπέπλεε
1100 1625 1135 1703 ές
1157 1628 1214 1702 τὰς
1306 1711 1307 1716 ¹

203 1727 353 1815 ἈθήναςΙ
376 1730 429 1796 καὶ
454 1733 562 1817 ὥσπερ
587 1731 719 1817 ὁρμήθη
739 1731 774 1796 έκ
796 1732 946 1814 Καρδίης
968 1734 1093 1814 πόλιος,
1119 1734 1213 1796 ἔπλεε
1306 1719 1307 1724 ¹

208 1840 263 1904 διδι
276 1847 336 1903 τοῦ
351 1836 506 1914 Μέλανος
524 1840 662 1903 κόλπου·
686 1839 904 1922 παραμείβετό
921 1858 957 1902 τε
969 1838 1031 1920 τήν
1045 1841 1212 1922 Χερσόνη-

207 1962 268 2010 σον
291 1941 399 2009 καλοί
418 1942 570 2020 Φοίνικές
590 1944 624 2009 οί
639 1945 870 2029 περιπίπτουσι
888 1949 962 2026 τῇσι
981 1946 1089 2025 νηυσί.
1113 1944 1213 2021 αὐτὸς
1306 1933 1307 1947 ’

207 2047 268 2134 μὲν
291 2051 332 2133 δή
356 2051 542 2133 Μιλτιάδης
565 2051 629 2114 σύν
651 2058 726 2133 τήσι
748 2046 898 2132 τέσσερσι
921 2058 988 2112 τῶν
1011 2059 1098 2113 νεῶν
1116 2073 1212 2114 κατα-

207 2157 323 2238 φεύγει
343 2155 376 2231 ές
390 2154 539 2241 Ἴμβρον,
562 2156 623 2238 τήν
643 2153 682 2220 δέ
699 2155 734 2219 οί
748 2152 898 2238 πέμπτην
916 2165 983 2218 τῶν
1002 2165 1089 2218 νεῶν
1107 2167 1212 2220 κατεῖ·
1305 2143 1306 2168 5

207 2264 268 2325 λον
292 2261 468 2336 διώκοντες
491 2261 526 2325 οί
549 2263 710 2336 Φοίνικες.
733 2269 791 2343 τῆς
814 2257 851 2325 δὲ
874 2261 949 2336 νεὸς
971 2261 1091 2342 ταύτης
1120 2264 1211 2346 ἔτυχε

207 2375 274 2429 τῶν
286 2366 477 2430 Μιλτιάδεω
492 2366 622 2430 παίδων
636 2364 654 2430 δ
668 2367 892 2449 πρεσβύτατος
905 2367 1016 2449 άρχων
1030 2369 1210 2453 Μητίοχος,

208 2469 269 2535 οὐκ
292 2470 327 2535 ἐκ
350 2479 407 2554 τῆς
426 2468 562 2553 Ὀλόρου
589 2478 650 2536 τοῦ
678 2472 820 2554 Θρήικος
847 2471 911 2536 ε’ὼν
938 2472 1107 2556 θυγατρὸς
1138 2470 1207 2537 ἀλλ’

207 2574 240 2654 ἐξ
264 2577 372 2658 άλλης.
413 2573 468 2640 καὶ
494 2583 615 2642 τοῦτον
643 2577 709 2660 δίμα
738 2584 778 2660 τῇ
806 2573 862 2658 νηὶ
886 2567 976 2641 εἷλον
1000 2577 1034 2641 οί
1056 2580 1210 2654 Φοίνικες

206 2685 265 2747 καί
284 2707 342 2766 μιν
364 2686 550 2766 πυθόμενοι
573 2683 618 2760 ὡς
640 2687 690 2766 είη
718 2681 910 2747 Μιλτιάδεω
936 2692 1013 2758 παῖς
1040 2681 1210 2766 άνήγαγον

207 2788 295 2873 παρὰ
318 2785 471 2878 βασιλέα,
505 2786 676 2864 δοκέοντες
703 2787 819 2872 χάριτα
852 2786 997 2869 μεγάλην
1029 2792 1211 2872 καταθήσε·

208 2901 305 2976 σθαι,
338 2894 388 2958 ὅτι
413 2893 453 2975 δή
477 2892 662 2975 Μιλτιάδης
684 2893 820 2976 γνώμην
852 2889 1028 2970 ἀπεδέξατο
1059 2891 1096 2957 έν
1125 2905 1210 2959 τοῖσι

198 2997 291 3065 Ἴωσι
314 3003 493 3065 πείθεσθαι
515 3000 661 3064 κελεύων
683 3008 769 3063 τοῖσι
792 2997 964 3090 Σκύθησι,
989 2997 1042 3062 ὅτε
1066 2998 1101 3088 ολ
1122 3001 1209 3065 Σκύ-

206 3111 267 3172 θαι
277 3104 497 3188 προσεδέοντο
513 3105 676 3180 λύσαντας
689 3105 750 3187 τήν
765 3105 900 3188 σχεδίην
912 3101 1088 3168 άποπλέειν
1103 3103 1137 3181 ές
1151 3107 1211 3190 τήν
1302 3107 1303 3122 ’

208 3208 348 3274 ἑωυτῶν.
363 3216 506 3295 Δαρεῖος
517 3209 565 3292 δέ,
574 3210 618 3286 ὡς
626 3209 661 3274 οί
666 3213 997 3294 ΦοίνικεςΜητίοχον
1006 3209 1064 3274 τὸν
1070 3212 1210 3276 Μιλτιά-

209 3307 470 3398 δεωόινήγαγον,
489 3314 621 3396 ἐποίησε
634 3315 735 3380 κακὸν
750 3311 810 3398 μδν
827 3311 927 3379 οὐδὲν
936 3318 1122 3399 Μητίοχον,
1133 3318 1210 3402 άγα-

208 3423 255 3486 θά
270 3418 434 3504 δδσνχνά·
457 3417 511 3484 καλ
520 3420 583 3504 γδιρ
594 3414 687 3485 οἷκον
696 3417 751 3484 καὶ
760 3428 875 3503 κτῆσιν
886 3421 986 3486 ἔδωκε
995 3418 1050 3486 καὶ
1060 3425 1210 3506 Περσίδα
