2678 3970
201 262 266 325 214
610 259 797 314 HERODOTI

199 512 277 586 τοὺς
299 513 419 593 λόγους
440 519 501 576 τοῦ
524 511 699 595 Συάγρου,
727 511 786 574 τὸν
808 512 997 574 τελευταῖόν
1020 526 1081 594 σφι
1103 510 1206 573 τόνδε

200 613 349 698 ἐξέφαινε
372 619 485 699 λόγον·
506 607 544 680 Ὦ
566 616 651 694 ξεῖνε
670 620 871 702 Σπαρτιῆτα,
896 615 1025 680 ὀνείδεα
1047 616 1205 679 κατιόντα

199 720 366 810 ἀνθρώπφ
404 721 510 806 φιλέει
543 722 719 805 ἐπανάγειν
750 723 809 786 τὸν
842 722 964 805 θυμόν.
1014 723 1057 785 σὺ
1089 718 1206 804 μέντοι

198 825 439 912 ἀποδεξάμενος
469 828 654 913 ὑβρίσματα
686 827 723 893 έν
753 834 799 915 τῷ
827 829 914 914 λόγφ
945 827 986 890 οῦ
1013 849 1053 909 με
1080 827 1206 902 πείσεις
1318 897 1319 914 ¹

199 930 369 1016 ἀσχήμονα
393 933 429 999 ἐν
447 942 487 1018 τῆ
505 933 626 1017 ἀμοιβῆ
648 931 816 1016 γενέσθαι.
849 933 929 996 ὅκου
949 928 986 996 δέ
1004 931 1097 1015 ὑμεῖς
1115 931 1204 996 οὑτω
1316 934 1319 1028 ¹

198 1037 389 1123 περιέχεσθε
411 1047 469 1122 τῆς
486 1038 673 1122 ἡγεμονίης,
693 1039 783 1113 οίκὸς
800 1035 855 1101 καὶ
874 1032 929 1119 ἐμὲ
947 1041 1073 1120 μᾶλλον
1091 1036 1204 1120 ὑμέων

198 1142 419 1227 περιέχεσθαι,
444 1152 597 1229 στρατιῆς
614 1165 649 1207 τε
673 1143 770 1208 ἐόντα
793 1145 1039 1225 πολλαπλησίης
1056 1141 1205 1226 ἡγεμόνα

197 1246 252 1312 καὶ
274 1259 361 1314 νεῶν
383 1251 508 1314 πολλὸν
531 1249 691 1314 πλεύνων.
734 1245 806 1313 ἀλλ’
833 1247 937 1313 ἐπείτε
960 1248 1040 1332 ὑμῖν
1063 1247 1081 1313 6
1104 1251 1205 1331 λόγος

199 1355 284 1418 οὑτω
312 1355 498 1441 προσάντης
525 1357 729 1436 κατίσταται,
757 1354 851 1438 ἡμεῖς
875 1377 908 1419 τι
939 1353 1114 1438 ὑπείξομεν
1142 1365 1203 1420 τοῦ

147 422 198 474 1οο
208 406 289 485 πρὸς
320 412 422 468 ταῦτα
454 403 472 469 6
502 403 630 487 Γέλων,
669 404 780 487 έπειδὴ
812 405 882 488 ὥρα
914 399 1207 488 ἀπεστραμμένους

198 1459 337 1544 ἀρχαίου
369 1461 479 1542 λόγου.
528 1461 559 1524 εί
588 1468 648 1524 τοῦ
685 1456 746 1544 μέν
781 1463 879 1538 πεζοῦ
910 1458 1004 1542 ὑμεῖς
1034 1458 1203 1542 ἡγέοισθε,

197 1574 258 1630 τοῦ
282 1561 318 1630 δέ
340 1573 498 1629 ναυτικοῦ
522 1563 599 1647 ἐγώ·
623 1567 654 1628 εί
675 1561 712 1630 δέ
734 1565 815 1648 ὑμῖν
836 1564 942 1646 ἡδονή
964 1573 1025 1629 τοῦ
1042 1567 1124 1632 κατὰ
1140 1567 1204 1630 θά-

198 1677 326 1736 λασσαν
348 1670 573 1755 ἡγεμονεύειν,
596 1679 657 1734 τοῦ
679 1673 778 1748 πεζοῦ
801 1669 864 1752 ἐγὼ
883 1668 980 1734 θέλω.
1016 1667 1070 1734 καὶ
1088 1669 1109 1753 ἡ
1127 1673 1204 1736 τού-

198 1793 284 1841 τοισι
307 1774 409 1860 ὑμέας
430 1779 529 1861 χρεόν
552 1776 620 1841 ἐστι
639 1773 817 1860 ἀρκέεσθαι
835 1774 855 1858 ἡ
874 1773 1005 1840 ἀπιέναι
1022 1777 1204 1861 συμμάχων

198 1883 345 1946 τοσῶνδε
373 1881 523 1968 ἐρήμους.
567 1880 681 1946 Γέλων
708 1877 768 1965 μὲν
797 1882 838 1964 δὴ
860 1889 963 1945 ταῦτα
985 1885 1202 1966 προετείνετο,
1312 1939 1319 1974 ,

149 2008 197 2055 161
210 1989 344 2072 φθάσας
373 1984 409 2052 δέ
433 1987 450 2052 6
476 1983 665 2068 Ἀθηναίων
688 1986 826 2068 ἀγγελος
848 1986 907 2050 τὸν
929 1987 1203 2070 Λακεδαιμονίων

201 2095 352 2178 ἀμείβετό
385 2117 443 2177 μιν
475 2093 613 2156 τοισίδε·
641 2083 679 2155 Ὠ
711 2094 848 2174 βασιλεῦ
875 2093 1110 2176 Συρηκοσίων,
1143 2094 1203 2158 οὑκ

200 2199 362 2282 ἡγεμόνος
389 2196 528 2282 δεομένη
554 2193 709 2280 ἡἙλλάς
735 2194 902 2281 ἀπέπεμψε
924 2195 1025 2280 ἡμέας
1050 2200 1134 2284 πρὸς
1156 2198 1202 2282 σέ,

200 2302 282 2367 ἀλλά
304 2311 464 2387 στρατιῆς.
507 2305 549 2367 σὺ
572 2299 609 2367 δὲ
633 2303 717 2378 ὅκως
739 2299 800 2386 μὲν
823 2303 978 2387 στρατιήν
1000 2302 1138 2388 πέμψεις
1159 2307 1202 2389 μὴ

200 2407 379 2491 ἡγεύμενος
401 2417 458 2492 τῆς
481 2405 652 2490 Ἑλλάδος,
677 2409 718 2472 οὐ
740 2411 951 2492 προφαίνεις,
979 2409 1024 2485 ὡς
1047 2405 1084 2474 δέ
1106 2426 1203 2494 στρα-

199 2516 351 2598 τηγήσεις
378 2513 492 2596 αὐτῆς,
520 2515 655 2596 γλίχεαι.
701 2513 782 2578 ὅσον
813 2512 875 2598 μέν
902 2538 966 2579 νυν
993 2517 1115 2592 παντὸς
1143 2527 1203 2582 τοῦ

196 2617 363 2703 Ἑλλήνων
386 2627 528 2705 στρατοῦ
551 2617 640 2684 ἐδέεο
663 2617 837 2702 ἡγέεσθαι,
865 2619 994 2705 ἐξήρκεε
1015 2621 1095 2704 ἡμῖν
1117 2635 1204 2688 τοῖσι
1318 2643 1319 2698 j

196 2723 403 2811 Ἀθηναίοισι
425 2725 567 2810 ἡσυχίην
590 2726 694 2808 ἀγειν,
718 2723 964 2809 ἐπισταμένοισι
982 2726 1027 2802 ὡς
1045 2726 1063 2791 6
1082 2728 1203 2794 Λάκων

201 2835 313 2909 ίκανός
338 2856 390 2897 τοι
418 2835 530 2916 ἔμελλε
560 2833 696 2896 ἔσεσθαι
722 2829 776 2896 καὶ
799 2827 881 2918 ὑπὲρ
905 2831 1101 2918 ἀμφοτέρων
1124 2834 1203 2900 ἀπο-

200 2939 411 3022 λογεύμενος·
431 2937 534 3002 ἐπείτε
556 2933 593 3001 δὲ
612 2936 738 3021 ἀπάσης
756 2937 1022 3022 ἀπελαυνόμενος
1040 2937 1129 3004 δέεαι
1146 2950 1205 3025 τῆς
1318 2981 1319 3030 ¹

200 3053 356 3127 ναυτικῆς
378 3045 501 3130 ἀρχειν,
521 3043 607 3107 οὑτω
627 3046 692 3127 ἔχει
710 3063 775 3108 τοι·
795 3041 868 3108 οὐδ’
890 3043 933 3126 ἡν
952 3042 970 3108 6
989 3043 1111 3110 Λάκων
1130 3045 1204 3131 ἐπιῇ
1318 3061 1319 3146 ¹

200 3173 252 3214 τοι
275 3151 388 3234 ἀρχειν
411 3149 526 3232 αὐτῆς,
554 3148 647 3232 ἡμεῖς
670 3149 842 3233 ἐπήσομεν.
886 3149 1025 3236 ἡμετέρη
1048 3151 1116 3239 γάρ
1135 3151 1205 3216 ἐστι
1318 3163 1319 3238 ¹

201 3254 283 3336 αὑτη
306 3278 343 3336 γε
366 3255 409 3338 μὴ
433 3254 544 3319 αὐτῶν
566 3254 780 3338 βουλομένων
801 3256 1083 3338 Λακεδαιμονίων.
1128 3259 1204 3322 τού·

200 3375 287 3424 τοισι
309 3355 369 3442 μὲν
392 3355 440 3423 ὧν
459 3358 618 3441 ἡγέεσθαι
637 3357 869 3443 βουλομένοισι
888 3359 949 3423 οὐκ
967 3359 1202 3447 ἀντιτείνομεν,
1318 3405 1319 3468 ¹

1318 3481 1319 3524 ι

201 3466 289 3553 ἀλλφ
312 3487 347 3528 τε
368 3467 564 3546 παρήσομεν
578 3462 691 3528 οὐδενί
709 3463 912 3550 ναυαρχέειν.
950 3466 1056 3549 μάτην
1074 3469 1137 3552 γάρ
1161 3467 1203 3532 ἀν
