2632 3970
414 260 481 315 ΗΒ.
496 261 542 316 lx.
579 261 657 318 OAP.
676 267 797 318 49-53.
1041 263 1104 328 351

104 400 345 483 ἐβουλεύσαντο
368 412 619 488 μεταναστῆναι,
643 403 698 469 ἵνα
720 403 776 469 καὶ
797 405 894 470 ύδατι
912 408 1011 491 ἐχωσι
1028 415 1105 491 χρᾶ-

104 511 187 571 σθαι
209 506 350 596 ἀφθόνςο
373 506 428 574 καὶ
451 509 486 572 οί
507 508 616 586 ίππέες
638 508 742 593 σφέας
764 510 807 594 μή
829 513 976 575 σινοίατο
995 512 1104 596 ὥσπερ

103 614 225 676 κατιθὺ
257 611 395 679 ἐόντων·
426 613 680 698 μετακινέεσθαί
707 637 741 679 τε
769 614 879 681 ἐδόκεε
907 617 979 680 τότε
1006 617 1105 683 ἐπεὰν

103 725 160 801 τής
186 720 304 796 νυκτὸς
333 709 354 804 ᾖ
382 717 519 804 δευτέρη
547 723 693 804 φυλακή,
721 720 765 796 ὡς
792 718 833 785 ἀν
855 720 898 804 μή
923 721 1048 786 ἰδοίατο
1072 723 1107 787 οί

105 821 232 909 Πέρσαι
255 823 504 910 ἐξορμωμένους
524 828 583 890 καί
601 842 705 909 σφεας
731 824 886 910 ἑπόμενοι
907 826 1103 910 ταράσσοιεν

104 929 140 993 οί
160 929 300 994 ίππόται.
338 928 547 1013 ἀπικομένων
570 927 606 995 δέ
629 931 662 1007 ές
684 933 743 996 τὸν
764 943 874 1016 χῶρον
892 939 1023 1013 τοῦτον,
1044 931 1103 995 τὸν

104 1035 145 1117 δή
164 1034 184 1118 ἡ
200 1029 338 1111 Ἀσωπὶς
353 1029 468 1119 Ὠερόη
486 1038 702 1120 περισχίζεται
721 1035 842 1122 ῥέουσα
861 1036 897 1101 ἐκ
909 1044 970 1101 τοῦ
983 1039 1103 1100 Κιθαι-

103 1149 220 1224 ρῶνος,
238 1139 303 1205 ὑπὸ
322 1141 382 1224 τήν
401 1141 503 1206 νύκτα
521 1142 644 1224 ταύτην
663 1141 772 1207 ἐδόκεε
786 1143 864 1218 τούς
876 1141 1011 1225 ἡμίσεας
1024 1140 1103 1207 ἀπο-

102 1243 249 1310 στέλλειν
279 1253 341 1310 τοῦ
372 1244 595 1330 στρατοπέδου
626 1247 709 1332 πρὸς
736 1248 796 1312 τὸν
817 1250 1029 1331 Κιθαιρῶνα,
1060 1246 1104 1323 ὡς

102 1350 301 1433 ἀναλάβοιεν
331 1353 410 1428 τοὺς
438 1349 586 1428 ὀπέωνας
611 1354 689 1429 τοὺς
717 1350 769 1417 ἐπὶ
795 1353 835 1417 τά
861 1355 949 1417 σιτία
976 1350 1102 1436 οίχομέ-

101 1474 196 1532 νους·
215 1451 301 1538 ἦσαν
314 1458 378 1541 γάρ
392 1457 429 1522 ἐν
442 1465 487 1546 τῷ
501 1459 691 1542 Κιθαιρῶνι
704 1455 973 1542 ἀπολελαμμένοι.
1000 1466 1102 1522 ταῦτα
1120 1479 1154 1530 ⁶2

101 1561 363 1645 βουλευσάμενοι
384 1565 499 1645 κείνην
521 1559 582 1647 μέν
603 1563 665 1646 τήν
682 1561 808 1649 ήμέρην
826 1571 934 1628 πᾶσαν
951 1579 1102 1647 προσκει-

101 1665 204 1753 μένης
228 1675 287 1750 τής
318 1666 420 1732 ἵππον
447 1663 538 1752 εἶχον
563 1670 669 1733 πόνον
696 1669 853 1753 άτρυτον·
885 1668 930 1745 ὡς
956 1665 993 1733 δέ
1019 1669 1041 1752 ή
1067 1691 1102 1733 τε

101 1771 204 1857 ήμέρη
229 1774 323 1855 ἐληγε
346 1770 401 1837 καὶ
424 1773 459 1837 οί
476 1771 586 1849 ίππέες
604 1771 796 1855 ἐπέπαυντο,
815 1776 934 1850 νυκτὸς
952 1775 993 1857 δή
1012 1796 1102 1857 γινο-

3 1905 6 1914 ’
101 1877 203 1964 μένης
230 1875 286 1942 καὶ
313 1876 432 1962 ἐούσης
458 1886 515 1961 τής
537 1879 625 1963 ὥρης
647 1878 680 1954 ἐς
702 1879 762 1962 τήν
786 1879 826 1962 δή
849 1877 1018 1944 συνέκειτό
1040 1895 1102 1962 σφι

102 1983 382 2066 ἀπαλλάσσεσθαι,
401 1981 549 2048 ἐνθαῦτα
567 1982 741 2068 ἀερθέντες
759 1983 794 2048 οἱ
809 1981 926 2048 πολλοὶ
939 1982 1101 2048 ἀπαλλάσ-

103 2106 213 2170 σοντο,
237 2086 271 2164 ἐς
293 2084 353 2172 μλν
375 2089 435 2153 τδν
457 2098 567 2172 χῶρον
586 2087 619 2164 ἐς
635 2089 696 2153 τὸν
713 2085 881 2153 συνέκειτο
900 2088 961 2153 οὐκ
979 2088 1015 2154 ἐν
1032 2090 1100 2176 νόω

102 2197 246 2279 ἔχοντες,
274 2194 309 2258 οί
333 2189 370 2258 δέ
397 2194 442 2270 ὡς
469 2193 688 2277 ἐκινήθησαν,
717 2196 860 2277 ἔφευγον
882 2193 1019 2278 ἅσμενοι
1039 2195 1101 2278 τήν

101 2302 203 2366 ἵππον
229 2301 311 2385 πρὸς
336 2301 398 2383 τήν
421 2299 615 2364 Πλαταιέων
641 2300 753 2381 πόλιν,
781 2298 960 2382 φεύγοντες
983 2296 1020 2365 δέ
1042 2299 1101 2364 ἀπ-

102 2404 267 2472 ικνέονται
289 2401 342 2470 ἐπὶ
364 2405 400 2469 τὸ
416 2400 567 2487 Ἥραιον.
612 2404 649 2468 τὸ
673 2399 710 2468 δέ
731 2404 795 2487 πρὸ
817 2411 874 2486 τῆς
896 2406 1010 2480 πόλιός
1032 2403 1101 2470 έστι

102 2522 159 2596 τῆς
180 2507 389 2593 Πλαταιέων,
419 2515 523 2574 είκοσι
550 2510 705 2586 σταδίους
731 2508 794 2574 ἀπὸ
821 2517 878 2592 τῆς
899 2511 1022 2595 κρήνης
1044 2518 1101 2593 τῆς

102 2620 295 2704 Γαργαφίης
307 2614 436 2700 ἀπέχον.
468 2614 660 2698 ἀπικόμενοι
679 2611 716 2679 δέ
735 2616 853 2680 ἐθεντο
869 2615 933 2699 πρὸ
951 2623 1012 2680 τοῦ
1026 2615 1101 2698 ίροῦ

101 2726 141 2789 τά
160 2725 251 2790 όπλα.
283 2719 337 2786 καὶ
355 2721 390 2785 οί
405 2717 466 2804 μέν
481 2718 556 2805 περὶ
569 2722 606 2785 τὸ
617 2717 759 2805 Ἥραιον
773 2718 1100 2804 ἐστρατοπεδεύοντο,
1119 2741 1152 2790 53

102 2831 297 2911 Παυσανίης
324 2823 361 2891 δέ
388 2825 493 2910 ὁρέων
520 2825 624 2910 σφέας
650 2822 962 2908 ἀπαλλασσομένους
984 2823 1019 2889 ἐκ
1041 2832 1101 2888 τοῦ

8 2955 9 2962 ’
101 2933 325 3020 στρατοπέδου
339 2933 543 3017 παρήγγελλε
556 2930 611 2997 καὶ
622 2942 708 2997 τοῖσι
717 2931 1009 3014 Λακεδαιμονίοισι
1023 2928 1101 2994 ἀνα-

101 3045 263 3125 λαβόντας
280 3040 320 3104 τά
338 3038 423 3103 ὅπλα
443 3035 527 3101 ίέναι
545 3039 626 3102 κατὰ
642 3038 721 3113 τοὺς
739 3036 860 3112 ἀλλους
876 3036 955 3112 τοὺς
967 3036 1101 3119 προιόν-

101 3172 169 3230 τας,
187 3149 326 3232 νομίσας
343 3144 464 3219 αὐτούς
482 3143 516 3220 ές
533 3145 591 3208 τὸν
609 3153 719 3228 χῶρον
738 3140 822 3207 ἰέναι
841 3141 874 3218 ές
886 3143 945 3206 τὸν
958 3141 1101 3222 συνεθή-

101 3276 212 3319 καντο.
235 3252 381 3317 ἐνθαῦτα
395 3250 431 3314 οί
442 3245 503 3333 μέν
517 3249 611 3313 ἄλλοι
625 3250 732 3334 ἀρτιοι
745 3242 830 3330 ἦσαν
843 3256 910 3312 τῶν
918 3244 1101 3330 ταξιάρχων

101 3362 281 3424 πείθεσθαι
300 3358 485 3441 Παυσανίη,
501 3352 744 3440 Ἀμομφάρετος
762 3349 799 3418 δέ
818 3352 835 3419 ὁ
854 3351 1026 3418 Πολιάδεω
1046 3357 1100 3417 λο-

100 3461 230 3551 χηγέων
255 3471 316 3529 τοῦ
343 3465 532 3545 Πιτανήτεω
560 3463 661 3546 λόγου
688 3459 749 3525 οὐκ
777 3461 840 3545 ἔφη
868 3461 946 3535 τοὺς
973 3456 1101 3537 ξείνους
