2678 3970
206 238 269 302 148
616 235 803 292 HERODOTI

204 382 242 449 έν
264 379 416 468 Πέρσησί
434 403 469 445 τε
496 379 715 464 ἀπειπάμενος
740 380 802 464 τήν
825 383 1067 466 στρατηλασίην
1089 375 1208 445 καὶτὰ

205 486 265 570 έμά
287 489 365 551 έπεα
388 487 424 552 έν
447 483 560 552 οὐδενὶ
581 487 776 571 ποιεύμενος
799 488 886 575 λόγου
905 486 950 563 ὡς
967 481 1046 571 παρ’
1069 485 1209 562 οὐδενὸς

205 591 354 670 ἀκούσας.
400 586 524 664 εὖνυν
545 588 616 658 τόδ’
642 597 730 675 ίσθι,
753 592 796 675 ήν
818 612 879 677 περ
902 591 945 676 μή
971 591 1087 657 αὐτίκα
1110 607 1207 678 στρα-

204 696 370 783 τηλατέης,
392 698 469 765 τάδε
491 720 544 764 τοι
566 696 599 777 έξ
623 697 733 762 αὐτῶν
756 697 947 782 ἀνασχήσει·
971 697 1015 774 ὡς
1034 694 1209 782 καὶμέγας

204 801 259 868 καὶ
280 805 401 881 πολλὸς
423 801 533 887 ἐγένεο
557 803 593 869 έν
612 802 713 891 ὀλίγφ
732 804 852 891 γρόνφ,
877 803 963 869 οὕτω
981 800 1036 868 καὶ
1054 804 1209 881 ταπεινὸς

155 930 186 983 ιε
205 909 309 975 ὀπίσω
334 910 416 974 κατά
442 909 539 994 τάχος
561 911 659 975 ἔσεαι.
702 907 826 993 Ξέρξης
853 904 915 993 μέν
941 909 1094 993 περιδεὴς
1115 911 1209 993 γενό·
1326 901 1327 944 ³

205 1037 303 1100 μενος
324 1024 364 1100 τή
386 1016 445 1094 ὕψι
467 1014 531 1079 ἀνά
551 1036 587 1079 τε
610 1015 730 1099 έδραμε
753 1013 789 1080 έκ
810 1023 868 1098 τῆς
889 1017 1001 1097 κοίτης
1017 1012 1073 1079 καὶ
1090 1012 1209 1100 πέμπει
1326 1077 1327 1098 ,

205 1122 345 1205 άγγελον
369 1118 449 1203 [ἐπὶ]
468 1117 671 1204 Ἀρτάβανον
693 1118 864 1185 καλέοντα.
906 1117 1092 1208 ἀπικομένῳ
1116 1120 1156 1186 δέ
1176 1119 1210 1186 ol
1325 1117 1327 1168 3

206 1228 295 1310 ἔλεγε
317 1225 440 1310 Ξέρξης
461 1225 553 1291 τάδε·
577 1222 769 1312 Ἀρτάβανε,
793 1224 857 1308 ἐγὼ
879 1226 917 1291 τὸ
940 1229 1124 1310 παραυτίκα
1147 1223 1210 1310 μέν
1320 1233 1325 1238 “

206 1331 267 1397 οὐκ
289 1331 451 1416 ἐφρόνεον
474 1336 566 1408 εἴπας
588 1330 622 1408 ές
644 1327 682 1398 σέ
704 1330 824 1415 μάταια
843 1332 921 1396 ἔπεα
938 1340 1080 1417 χρηστής
1098 1332 1210 1398 εἵνεκα

205 1439 421 1522 συμβουλίης·
444 1438 524 1521 μετὰ
546 1435 658 1521 μέντοι
682 1437 722 1502 οὐ
744 1437 869 1502 πολλὸν
887 1439 1011 1523 χρόνον
1029 1435 1207 1522 μετέγνων,

205 1545 312 1626 ἔγνων
340 1539 378 1608 δέ
403 1543 505 1608 ταῦτά
532 1565 588 1627 μοι
614 1541 751 1626 ποιητέα
778 1542 875 1608 ἐόντα
897 1543 938 1606 τά
960 1545 1004 1608 σὺ
1025 1542 1209 1627 ὑπεθήκαο.

206 1648 268 1714 οὐκ
297 1643 344 1715 ὦν
372 1650 514 1726 δυνατός
541 1651 597 1714 τοί
621 1650 686 1733 είμι
712 1656 815 1713 ταῦτα
841 1650 1044 1733 βουλόμενος
1069 1647 1210 1715 ποιέειν·

205 1751 414 1841 τετραμμένοι
432 1755 495 1840 γάρ
515 1755 556 1838 δή
573 1751 629 1819 καὶ
642 1755 859 1838 μετεγνωκότι
873 1753 1062 1839 ἐπιφοιτέον
1076 1756 1211 1842 ὄνειρον

206 1861 405 1946 φαντάζεταί
428 1884 499 1945 μοι,
527 1860 680 1944 οὐδαμῶς
708 1858 910 1926 συνέπαινον
937 1858 994 1926 έὸν
1017 1857 1143 1926 ποιέειν
1170 1885 1211 1946 με
1325 1881 1328 1904 ¹

206 1975 321 2032 ταῦτα·
348 1975 412 2032 νῦν
440 1963 476 2032 δέ
505 1965 560 2032 καί
588 1967 803 2049 διαπειλῆσαν
831 1971 963 2050 οίχεται.
1009 1967 1040 2032 εί
1061 1961 1109 2032 ὧν
1130 1969 1212 2046 θεός

207 2072 276 2138 ἐστι
299 2071 316 2138 ὁ
340 2071 529 2158 ἐπιπέμπων
555 2075 614 2136 καί
633 2072 668 2137 οί
687 2071 817 2148 πάντως
840 2070 877 2136 έν
900 2070 1005 2156 ἡδονή
1028 2071 1097 2138 ἐστι
1119 2072 1211 2156 γενέ·
1328 2097 1329 2112 ·

208 2185 289 2244 σθαι
316 2181 556 2265 στρατηλασίην
584 2175 636 2243 ἐπὶ
663 2178 725 2260 τήν
743 2174 901 2260 Ἑλλάδα,
925 2177 1133 2261 ἐπιπτήσεται
1155 2177 1212 2245 καὶ

209 2281 263 2348 σοὶ
293 2283 400 2350 τώυτὸ
431 2292 529 2349 τοῦτο
557 2285 705 2368 ὄνειρον,
729 2282 851 2367 ὁμοίως
879 2279 935 2347 καὶ
964 2280 1036 2366 ἐμοὶ
1064 2282 1211 2351 έντελλό-
1328 2281 1329 2300 δ

209 2411 319 2473 μενον.
359 2389 500 2474 εὑρίσκω
523 2385 560 2453 δέ
583 2382 647 2452 ὧδε
670 2386 712 2453 άν
734 2390 894 2472 γινόμενα
912 2397 1027 2471 ταῦτα,
1050 2390 1082 2454 εί
1097 2389 1213 2474 λάβοις

209 2495 269 2578 τήν
292 2493 374 2578 ἐμήν
397 2494 518 2577 σκευήν
540 2501 649 2558 πᾶσαν
671 2491 727 2558 καὶ
746 2493 844 2570 ἐνδὺς
865 2495 945 2578 μετά
961 2502 1059 2559 τοῦτο
1077 2495 1159 2574 ’ίζοιο
1177 2495 1212 2574 ές

209 2602 268 2667 τὸν
292 2599 371 2685 ἐμὸν
393 2601 523 2685 θρόνον
540 2595 595 2662 καὶ
614 2599 722 2663 ἔπειτα
741 2597 778 2664 έν
795 2601 888 2684 κοίτη
906 2607 945 2684 τή
965 2598 1024 2684 ἐμή
1041 2603 1213 2668 κατυπνώ·

161 2731 192 2780 ιε
211 2724 309 2784 σειας.
353 2704 475 2792 Ξέρξης
497 2700 558 2790 μέν
580 2705 682 2768 ταῦτά
704 2703 740 2770 οί
760 2707 865 2788 ἔλεγε,
889 2702 1088 2790 Ἀρτάβανος
1110 2703 1147 2772 δέ
1170 2708 1212 2773 οὐ

210 2822 255 2902 τῷ
286 2813 403 2899 πρώτον
431 2812 466 2877 οί
484 2812 678 2896 κελεύσματι
699 2813 913 2895 πειθόμενος,
941 2802 996 2877 οἷα
1023 2811 1085 2877 οὐκ
1106 2811 1213 2891 ἀξιεύ-

212 2944 311 3006 μενος
324 2919 357 2997 ές
369 2920 428 2985 τὸν
441 2920 614 3001 βασιλήιον
627 2919 757 3004 θρόνον
766 2917 904 2999 ἵζεσθαι,
917 2915 1009 2993 τέλος
1019 2917 1063 2995 ὡς
1072 2917 1214 3002 ήναγκά-
1325 2938 1329 2949 “

176 3057 196 3092 α
216 3029 284 3105 ζετο
312 3031 404 3102 είπας
429 3023 507 3090 τάδε
535 3023 640 3089 ἐποίεε
667 3025 703 3088 τὸ
725 3025 955 3108 κελευόμενον·
975 3021 1069 3088 Ἴσον
1095 3023 1213 3110 έκεῖνο,

214 3127 239 3196 ὦ
262 3135 415 3216 βασιλεῦ,
432 3127 512 3214 παρ’
539 3127 611 3214 ἐμοὶ
634 3128 788 3214 κέκριται,
812 3127 968 3215 φρονέειν
985 3151 1021 3194 τε
1039 3123 1077 3195 εὖ
1095 3127 1213 3219 καὶτῷ

214 3235 343 3319 λέγοντι
369 3236 493 3320 χρηστά
520 3232 649 3300 έθέλειν
676 3233 867 3300 πείθεσθἀι·
903 3235 943 3299 τά
966 3231 1003 3300 σὲ
1028 3232 1084 3300 καί
1106 3235 1214 3321 ἀμφό-

213 3365 291 3428 τερα
312 3343 509 3427 περιήκοντα
532 3339 721 3425 ἀνθρώπων
741 3350 851 3406 κακῶν
875 3339 999 3425 ὁμιλίαι
1016 3340 1212 3425 σφάλλουσι,

215 3447 377 3531 κατάπερ
403 3446 464 3530 τήν
490 3444 623 3510 πάντων
650 3445 899 3532 χρησιμωτάτην
921 3445 1129 3533 ἀνθρώποισι
1151 3447 1213 3512 δά·
