2572 3980
389 277 455 332 Lm.
471 277 504 334 v,
537 277 616 339 cAP.
634 284 756 334 εε-ει.
1033 279 1074 342 17

70 418 311 506 προσεδέκοντο
327 419 379 488 ἐπὶ
394 419 497 507 σφέας
514 423 574 489 τὸν
592 426 712 490 στόλον
726 432 846 490 τοῦτον
861 423 1075 510 ὁρμήσεσθαι.

70 524 140 592 ἐπεὶ
164 525 278 612 μέντοι
301 527 483 612 ἐπύθοντο,
511 529 628 594 αὐτίκα
655 525 716 613 μέν
744 529 954 613 ἐσηνείκαντο
977 531 1018 594 τά
1039 528 1075 596 έκ

69 645 137 698 τῶν
156 633 269 718 ἀγρῶν
287 633 321 712 ἐς
338 635 375 700 τὸ
393 645 510 720 τεῖχος,
529 635 817 716 παρεσκευάσαντο
833 633 869 700 δὲ
884 635 928 712 όις
941 639 1075 722 πολιορ-

69 741 250 824 κησόμενοι
272 738 327 805 καὶ
346 750 420 806 σῖτα
438 737 493 805 καὶ
511 741 595 806 ποτὰ
612 742 694 806 κατὰ
712 741 810 825 τάχος
827 739 994 819 ἐσάξαντο.
1020 739 1075 808 καὶ

70 841 165 910 οὗτοι
178 841 240 930 μὲν
253 846 534 930 παρεσκευάζοντο
548 846 593 922 ὡς
601 845 829 932 παρεσομένου
844 862 905 932 σφι
917 841 1075 930 πολέμου,

69 952 106 1016 οί
117 949 149 1017 δ’
168 952 272 1018 ἐπείτε
288 951 444 1036 διέβαλον
456 949 493 1018 έκ
505 961 562 1035 τής
575 955 660 1018 Χίου
673 954 731 1030 τδις
744 951 822 1029 νέας
835 951 869 1029 ές
881 953 943 1037 τήν
952 951 1076 1037 Νάξον,

70 1059 154 1140 πρὸς
176 1057 430 1143 πεφραγμένους
447 1057 694 1142 προσεφέροντο
713 1056 768 1123 καὶ
787 1058 999 1143 ἐπολιόρκεον
1016 1067 1076 1143 μή·

71 1189 133 1240 νας
155 1163 320 1250 τέσσερας.
343 1164 388 1240 ὡς
411 1161 448 1230 δέ
470 1164 566 1230 τότε
590 1167 720 1250 ἔχοντες
741 1160 850 1248 ἦλθον
872 1168 1020 1249 χρήματα
1044 1163 1079 1228 ot

72 1268 213 1354 Πέρσαι,
232 1278 335 1335 ταῦτα
353 1266 637 1353 κατεδεδαπάνητό
656 1287 727 1354 σφι,
750 1269 805 1336 καὶ
823 1271 911 1358 αὐτῷ
930 1278 975 1359 τῷ
991 1267 1075 1354 Ἀρι-

72 1378 220 1462 σταγόρη
238 1379 526 1461 προσαναισίμωτο
545 1377 661 1460 πολλά,
679 1385 740 1442 τοῦ
757 1379 897 1453 πλεῦνός
914 1375 1076 1442 τεέδέετο

69 1483 90 1566 ή
109 1487 295 1568 πολιορκίη,
318 1481 465 1549 ἐνθαῦτα
482 1485 589 1567 τείχεα
607 1493 693 1548 τοῖσι
711 1483 837 1566 φυγάσι
854 1492 922 1547 τῶν
940 1479 1076 1560 Ναξίων

71 1590 351 1674 οἰκοδομήσαντες
378 1588 627 1654 ἀπαλλάσσοντο
651 1587 685 1665 ές
706 1589 767 1671 τήν
794 1589 942 1673 ήπειρον,
969 1599 1077 1664 κακῶς

70 1697 284 1780 πρήσσοντες.
318 1691 551 1779 Ἀρισταγόρης
574 1690 611 1759 δὲ
639 1693 701 1758 ούκ
723 1688 789 1778 εἶχε
811 1693 872 1776 τήν
895 1693 1074 1777 ὑπόσχεσιν
1093 1708 1132 1762 35

69 1809 116 1889 τῷ
133 1799 351 1886 Ἀρταφρένεϊ
371 1798 547 1865 ἐκτελέσαι·
571 1799 637 1884 ἀμα
656 1797 693 1865 δὲ
711 1799 816 1878 ἐπίεζέ
831 1825 889 1885 μιν
906 1798 927 1883 ἡ
946 1800 1075 1883 δαπάνη

72 1915 131 1990 τής
158 1914 312 1990 στρατιῆς
339 1903 574 1990 ἀπαιτεομένη,
605 1903 754 1990 ἀρρώδεέ
782 1927 816 1970 τε
842 1913 904 1970 τοῦ
934 1914 1077 1990 στρατοῦ

70 2010 256 2096 πρήξαντος
278 2022 384 2089 κακῶς
401 2009 456 2077 καί
472 2012 656 2096 Μεγαβάτῃ
676 2007 942 2094 διαβεβλημένος,
966 2011 1079 2078 έδοκεέ

69 2143 105 2183 τε
128 2119 191 2201 τήν
210 2120 386 2201 βασιληίην
403 2127 461 2202 τῆς
480 2119 634 2201 Μιλήτου
653 2116 947 2200 ἀπαιρεθήσεσθαι.
970 2116 1076 2203 ἀρρω-

72 2225 159 2290 δέων
188 2220 226 2290 δὲ
253 2224 381 2288 τούτων
408 2222 527 2288 ἕκαστα
555 2223 749 2307 ἐβουλεύετο
777 2221 969 2288 ἀπόστασιν·
999 2239 1077 2290 συν·

72 2329 186 2396 έπιπτε
208 2330 272 2413 γάρ
295 2326 431 2395 καὶτὸν
453 2327 646 2414 ἐστιγμένον
672 2330 734 2413 τήν
761 2329 909 2412 κεφαλήν
937 2327 1076 2414 ἀπῖχθαι

72 2437 108 2503 έκ
141 2437 288 2502 Σούσων
318 2437 406 2519 παρὰ
430 2432 605 2520 Ἱστιαίου,
638 2437 841 2521 σημαίνοντα
875 2434 1076 2502 ἀπίστασθαι

68 2539 307 2626 Ἀρισταγόρην
329 2540 393 2606 ἀπὸ
412 2540 572 2624 βασιλέος.
596 2540 695 2625 ὁγὰρ
709 2535 861 2617 Ἱστιαῖος
874 2543 1076 2626 βουλόμενος

70 2657 115 2736 τῷ
131 2646 348 2733 Ἀρισταγόρῃ
367 2655 511 2730 σημήναι
529 2647 710 2730 ἀποστῆναι
729 2647 836 2724 ἀλλως
848 2641 910 2730 μέν
923 2646 1076 2730 οὐδαμῶς

71 2751 138 2840 εἶχε
158 2750 333 2837 ἀσφαλέως
351 2761 495 2836 σημῆναι
513 2752 595 2818 ὥστε
614 2750 877 2836 φυλασσομένων
893 2761 961 2815 τῶν
975 2751 1074 2834 ὁδῶν,

70 2861 88 2927 ό
122 2857 161 2926 δὲ
192 2869 260 2923 τῶν
294 2858 426 2924 δούλων
460 2858 520 2923 τὸν
551 2860 747 2923 πιστότατον
779 2855 986 2938 ἀποξυρήσας
1013 2856 1075 2938 τήν

69 2967 221 3051 κεφαλήν
244 2962 347 3042 ἔστιξε
369 2961 424 3028 καὶ
447 2961 596 3047 ἀνέμεινε
619 2963 788 3049 ἀναφῦναι
809 2962 867 3037 τάς
884 2964 1006 3046 τρίχας,
1030 2962 1075 3039 ὡς

70 3071 105 3138 δὲ
130 3069 305 3156 ἀνέφυσαν
326 3067 478 3152 τάχιστα,
511 3066 675 3152 ἀπέπεμπε
702 3067 736 3144 ές
757 3069 910 3149 Μίλητον
933 3065 1074 3132 ἐντειλά-

70 3202 170 3263 μενος
197 3176 286 3264 αὐτῷ
314 3175 395 3239 ἀλλο
422 3169 484 3258 μὲν
516 3171 632 3257 οὐδέν,
664 3172 762 3238 ἐπεάν
797 3167 834 3236 δέ
861 3170 1014 3255 ἀπίκηται
1041 3172 1075 3250 ές

69 3290 239 3368 Μίλητον,
271 3280 417 3346 κελεύειν
445 3272 681 3363 Ἀρισταγόρην
713 3277 899 3362 ξυρήσαπά
929 3301 987 3362 μιν
1016 3281 1075 3356 τὰς

69 3396 181 3476 τρίχας
199 3384 394 3454 κατιδέσθαι
413 3383 446 3461 ές
458 3385 520 3468 τήν
533 3386 695 3467 κεφαλήν·
718 3384 757 3447 τά
772 3379 808 3448 δὲ
823 3386 981 3468 στίγματα
999 3382 1073 3466 ἀσή-

70 3520 177 3582 μαιυε,
200 3494 245 3570 όις
267 3490 323 3558 καὶ
339 3492 502 3576 πρότερόν
521 3513 578 3574 μοι
596 3495 732 3574 εἴρηται,
755 3487 944 3555 ἀπόστασιν.
971 3497 1073 3555 ταῦτα

119 3611 214 3652 Hauon.
227 3607 261 3647 n.
844 3597 861 3646 8
