2678 3970
389 290 530 347 Llss.V11.
567 290 643 346 CAP.
665 297 822 348 τοο-115.
1048 293 1110 357 189

100 433 361 519 ὑπεροικέοντας
393 433 430 500 δὲ
460 437 498 502 τὸ
527 436 701 520 Πάγγαιον
733 436 815 522 πρὸς
844 435 950 519 βορέω
978 436 1102 522 ἀνέμου
1116 455 1164 504 113

103 543 258 618 Παίονας
275 539 433 627 Δόβηράς
454 565 489 606 τε
511 539 567 608 καὶ
586 544 758 619 Παιόπλας
779 540 943 628 παρεξιὼν
961 543 1012 626 ἤιε
1029 543 1112 629 πρὸς

104 643 265 731 ἑσπέρην,
294 647 327 724 ἐς
353 647 371 712 ὃ
395 647 528 714 ἀπίκετο
551 645 604 712 ἐπὶ
625 652 773 732 ποταμόν
796 669 830 713 τε
854 651 1033 732 Στρυμόνα
1055 648 1111 714 καί

101 754 207 817 πόλιν
225 749 357 835 Ἠιόνα,
379 761 436 837 τῆς
459 755 507 818 ἔτι
530 754 610 832 ζωὸς
633 753 697 818 ἐὼν
719 749 798 839 ἦρχε
816 755 939 835 Βόγης,
967 763 1027 819 τοῦ
1049 775 1110 838 περ

107 858 209 946 όλίγφ
239 861 400 944 πρότερον
431 860 558 926 τούτων
590 861 693 942 λόγον
720 859 908 945 ἐποιεύμην.
952 859 973 942 ἡ
1001 855 1038 924 δὲ
1069 869 1110 942 γῆ

105 964 192 1046 αὕτη
213 963 233 1047 ἡ
251 963 327 1050 περὶ
344 967 381 1031 τὸ
402 966 577 1049 Πάγγαιον
594 966 673 1051 ὅρος
690 965 839 1032 καλέεται
859 968 993 1046 Φυλλίς,
1016 987 1111 1029 κατα-

104 1073 263 1136 τείνουσα
289 1073 329 1136 τδι
355 1068 417 1157 μὲν
442 1073 525 1158 πρὸς
553 1070 694 1156 ἑσπέρην
717 1070 770 1136 ἐπὶ
792 1071 940 1156 ποταμὸν
959 1068 1112 1153 Ἀγγίτην

107 1175 281 1242 ἐκδιδόντα
310 1177 343 1254 ἐς
369 1179 429 1243 τὸν
451 1180 645 1263 Στρυμόνα,
673 1179 713 1242 τὰ
741 1175 779 1244 δὲ
800 1178 882 1263 πρὸς
905 1179 1111 1263 μεσαμβρίην

105 1285 263 1348 τείνουσα
291 1281 324 1358 ἐς
351 1282 453 1348 αὐτὸν
479 1284 538 1350 τὸν
566 1286 759 1370 Στρυμόνα·
792 1283 825 1361 ές
850 1285 910 1349 τὸν
938 1283 973 1348 ολ
996 1281 1112 1364 Μάγοι

106 1386 355 1472 ἐκαλλιερέοντο
378 1389 558 1472 σφάζοντες
580 1389 701 1466 ἵππους
723 1389 869 1464 λευκούς.
915 1388 1102 1472 φαρμακεύ-
1115 1405 1165 1454 114

109 1511 226 1570 σαντες
249 1489 285 1558 δὲ
307 1503 410 1559 ταῦτα
433 1493 466 1571 ἐς
483 1495 543 1561 τὸν
561 1495 709 1579 ποταμὸν
731 1491 786 1558 καλ
804 1494 888 1558 άλλα
906 1493 1012 1559 πολλά
1029 1493 1112 1578 πρὸς

106 1600 257 1665 τούτοισι
284 1598 321 1664 ἐν
345 1597 461 1665 Ἐννέα
494 1599 601 1666 ὁδοῖσι
627 1607 702 1684 τῇσι
726 1595 885 1665 Ἠδωνῶν
913 1598 1110 1683 ἐπορεύοντο

108 1707 191 1772 κατὰ
212 1707 269 1782 τάς
286 1705 443 1792 γεφύρας,
461 1708 521 1773 τὸν
539 1708 718 1792 Στρυμόνα
737 1706 890 1791 εὑρόντες
908 1702 1111 1789 ἐζευγμένον.

104 1809 222 1878 Ἐννέα
245 1809 282 1877 δὲ
304 1810 404 1888 ὁδοὺς
425 1813 678 1896 πυνθανόμενοι
699 1811 759 1877 τὸν
781 1821 891 1895 χῶρον
912 1819 1033 1875 τοῦτον
1055 1834 1112 1874 κα-

8 1965 14 1992 ,
110 1918 245 1984 λέεσθαι
267 1917 447 1993 τοσούτους
464 1916 506 2004 ἐν
529 1916 616 2004 αὐτῷ
640 1915 759 1992 παῖδάς
781 1938 815 1980 τε
842 1914 897 1981 καὶ
921 1913 1112 2002 παρθένους

109 2025 244 2108 ἀνδρῶν
275 2033 342 2088 τῶν
374 2022 557 2107 ἐπιχωρίων
585 2022 725 2100 ζώοντας
755 2022 979 2106 κατώρυσσον.
1026 2026 1111 2108 Περ-

108 2131 205 2197 σικὸν
229 2126 266 2195 δὲ
288 2130 324 2194 τὸ
349 2129 490 2206 ζώοντας
511 2127 742 2213 κατορύσσειν,
766 2124 835 2191 ἐπεὶ
857 2124 914 2192 καὶ
927 2125 1109 2212 ’Ἄμηστριν

109 2238 171 2320 τὴν
193 2233 320 2320 Ξέρξεω
343 2243 484 2318 γυναῖκα
506 2232 721 2318 πυνθάνομαι
743 2232 936 2316 γηράσασαν
958 2231 1011 2310 δίς
1033 2231 1111 2299 ἑπτά

111 2339 270 2427 Περσέων
300 2341 434 2422 παῖδας,
467 2338 591 2404 ἐόντων
623 2335 811 2422 ἐπιφανέων
842 2337 990 2424 ἀνδρῶν,
1028 2337 1110 2424 ὑπὲρ

111 2448 235 2530 ἑωυτῆς
260 2454 305 2534 τῷ
332 2445 396 2510 ὑπὸ
423 2453 487 2528 γῆν
513 2441 679 2531 λεγομένω
708 2437 792 2508 εἶναι
818 2449 887 2532 θεῷ
914 2444 1111 2530 ἀντιχαρίζε-

109 2562 193 2621 σθαι
215 2552 494 2638 κατορύσσουσαν.
531 2550 576 2626 δις
598 2546 635 2615 δὲ
657 2549 720 2615 άπὸ
738 2558 799 2614 τοῦ
817 2553 1012 2634 Στρυμόνος
1030 2550 1164 2616 &no-115

112 2660 225 2746 ρεύετο
254 2657 272 2724 ό
295 2659 446 2741 στρατός,
474 2655 620 2720 ἐνθαῦτα
642 2656 725 2740 πρὸς
746 2654 843 2738 ἡλίου
866 2654 1020 2739 δυσμέων
1043 2654 1111 2720 ἐστὶ

112 2766 260 2849 αἰγιαλὸς
295 2764 332 2830 έν
366 2769 411 2852 τῷ
445 2757 622 2844 οἰκημένην
650 2758 808 2844 ’Ἄργιλον
843 2761 941 2824 πόλιν
970 2755 1110 2824 Ἑλλάδα

110 2870 279 2956 παρεξήιε·
310 2869 392 2950 αὕτη
421 2863 458 2932 δὲ
484 2863 539 2931 καὶ
560 2865 581 2949 ἡ
607 2867 794 2950 κατύπερθε
818 2864 938 2945 ταύτης
964 2862 1111 2928 καλέεται

13 2951 24 2982 ³
113 2977 278 3058 Βισαλτίη.
324 2973 481 3040 ἐνθεῦτεν
505 2969 542 3037 δὲ
564 2972 688 3037 κόλπον
705 2971 765 3035 τὸν
788 2966 841 3034 έπλ
863 2968 1049 3050 Ποσιδηίου
1078 2967 1111 3047 ἐξ

113 3080 284 3167 ἀριστερῆς
312 3079 420 3165 χειρός
442 3080 526 3162 ἔχων
552 3079 604 3160 ἤιε
632 3076 688 3141 διὰ
711 3071 839 3148 Συλέος
860 3072 977 3136 πεδίου
999 3077 1112 3138 καλεο-

113 3187 225 3273 μένου,
249 3184 434 3272 Στάγειρον
455 3185 553 3248 πόλιν
573 3177 713 3246 Ἑλλάδα
735 3179 1030 3264 παραμειβόμενος,
1058 3177 1110 3244 καὶ

114 3293 244 3359 ἀπίκετο
276 3290 309 3367 ἐς
326 3288 513 3370 Ἄκανθον,
539 3287 606 3371 ἅμα
632 3285 793 3369 ἀγόμενος
819 3283 946 3348 τούτων
973 3281 1112 3350 ἕκαστον

113 3409 178 3464 τῶν
206 3395 334 3464 ἐθνέων
360 3393 415 3461 καὶ
441 3405 508 3458 τῶν
530 3389 605 3477 περὶ
631 3391 669 3455 τὸ
692 3388 865 3473 Πάγγαιον
887 3389 965 3475 όρος
988 3390 1112 3455 οίκεόν-

114 3527 194 3586 των,
226 3501 348 3588 ὁμοίως
378 3497 432 3566 καί
460 3509 527 3564 τῶν
558 3499 720 3584 πρότερον
747 3493 913 3577 κατέλεξα,
945 3496 1024 3571 τοὺς
1051 3492 1112 3579 μὲν
