2632 3970
413 284 479 338 ΜΒ.
494 285 540 339 lx.
577 285 653 339 οΑΡ.
674 289 795 341 εε-ει.
1042 285 1106 350 353

106 425 125 491 6
158 423 194 491 δὲ
226 429 427 511 μαινόμενον
462 426 517 492 καὶ
550 429 590 494 οὐ
622 431 789 514 φρενήρεα
820 427 948 494 καλέων
980 429 1108 496 ἐκεῖνον

105 534 188 616 πρός
214 555 248 598 τε
279 533 339 598 τὸν
363 531 551 616 Ἀθηναίων
582 537 708 620 κήρυκα
738 534 963 619 ἐπειρωτῶντα
989 539 1028 601 τά
1055 536 1107 602 έν-

105 637 283 722 τεταλμένα
315 638 422 722 λέγειν
455 640 472 705 ὁ
501 643 696 723 Παυσανίης
724 639 850 705 ἐκέλευε
877 641 917 704 τὰ
943 645 1107 725 παρεόντα

106 760 167 828 σφι
185 747 368 829 πρήγματα,
392 744 520 832 ἐχρήιζέ
535 769 570 810 τε
587 757 654 810 τῶν
670 741 857 830 Ἀθηναίων
875 752 1109 831 προσχωρῆσαί

72 917 76 922 ,
105 873 141 916 τε
163 852 245 936 πρὸς
268 850 411 928 ἑωυτοὺς
433 850 488 916 καί
510 850 636 918 ποιέειν
658 850 733 938 περὶ
755 860 813 935 τής
836 851 963 916 ἀπόδου
985 853 1024 916 τά
1046 874 1106 937 περ

105 955 148 1020 ἀν
175 955 229 1021 καὶ
259 967 361 1040 σφεῖς.
406 955 460 1022 καὶ
488 957 505 1024 ὁ
529 954 589 1043 μὲν
612 957 836 1024 ἀπαλλάσσετο
861 956 893 1034 ές
915 960 993 1033 τοὺς
1012 952 1105 1041 Ἀθη-
1125 976 1159 1024 56

105 1065 235 1138 ναίους·
266 1064 344 1138 τοὺς
377 1059 413 1127 δέ
443 1061 511 1128 ἐπεὶ
544 1063 824 1150 ἀνακρινομένους
855 1065 937 1148 πρὸς
965 1062 1108 1140 ἑωυτοὺς

104 1168 172 1250 ἠὼς
203 1168 440 1252 κατελάμβανε,
471 1168 507 1233 έν
533 1170 639 1257 τούτῳ
668 1177 713 1258 τῷ
746 1173 855 1256 χρόνῳ
882 1171 1062 1252 κατήμενος
1089 1168 1107 1234 6

107 1276 316 1358 Παυσανίης,
349 1274 390 1339 οὐ
419 1273 544 1340 δοκέων
570 1277 629 1340 τὸν
653 1273 901 1361 Ἀμομφάρετον
933 1277 1107 1352 λείψεσθαι

104 1389 172 1444 τῶν
195 1381 305 1447 ἀλλων
327 1381 601 1464 Λακεδαιμονίων
624 1380 900 1466 ἀποστειχόντων,
926 1382 966 1444 τά
989 1381 1029 1463 δή
1052 1378 1107 1444 καί

106 1484 250 1569 ἐγένετο,
281 1488 428 1570 σημήνας
455 1485 558 1570 ἀπήχε
586 1488 641 1551 διὰ
668 1497 734 1552 τῶν
760 1493 918 1553 κολωνῶν
939 1489 1017 1562 τοὺς
1040 1491 1107 1551 λοι-

104 1594 189 1668 ποὺς
211 1592 347 1668 πάντας·
377 1593 507 1657 εἵποντο
532 1589 568 1657 δὲ
590 1591 644 1658 καί
671 1597 833 1676 Τεγεῆται.
874 1587 1046 1675 Ἀθηναῖοι
1070 1588 1106 1656 δέ

105 1696 282 1782 ταχθέντες
303 1699 403 1781 ήισαν
424 1699 464 1761 τά
487 1700 626 1783 ἔμπαλιν
649 1699 669 1782 ή
693 1700 961 1784 Λακεδαιμόνιοι·
992 1697 1026 1762 oc
1046 1693 1106 1781 μέν

105 1805 169 1888 χάρ
196 1813 262 1868 τῶν
284 1826 319 1868 τε
346 1805 460 1888 ὄχθων
488 1803 677 1888 ἀντείχοντο
704 1802 759 1868 καί
786 1814 842 1889 τῆς
869 1803 1020 1888 ὑπωρέης
1046 1812 1106 1868 τοῦ

5 1939 6 1946 ¹
105 1911 329 1994 Κιθαιρῶνος,
348 1911 548 1993 φοβεόμενοι
568 1910 629 1994 τήν
647 1909 758 1991 ἵππον,
774 1906 946 1992 Ἀθηναῖοι
965 1905 1002 1974 δὲ
1019 1909 1105 1973 κάτω

104 2013 310 2100 τραφθέντες
338 2015 370 2091 ές
391 2015 428 2080 τὸ
452 2015 576 2080 πεδίον.
618 2009 862 2100 Ἀμομφάρετος
885 2011 922 2078 δὲ
945 2013 1048 2099 ἀρχήν
1070 2037 1104 2078 τε
1125 2030 1159 2079 57

105 2119 235 2202 οὐδαμά
257 2119 382 2184 δοκέων
401 2124 600 2204 Παυσανίην
618 2122 794 2204 τολμήσειν
813 2119 916 2204 σφέας
934 2119 1107 2184 ἀπολιπεῖν

104 2227 284 2308 περιείχετο
303 2225 406 2290 αὐτοῦ
424 2225 584 2310 μένοντας
601 2227 645 2310 μή
664 2225 807 2290 ἐκλιπεῖν
825 2226 885 2309 τήν
903 2224 1009 2303 τάξιν·
1028 2248 1109 2310 προ-Ὶ

104 2333 285 2415 τερεόντων
314 2327 351 2395 δὲ
378 2339 445 2396 τῶν
472 2333 535 2395 σὺν
560 2333 750 2416 Παυσανίη,
780 2331 959 2410 καταδόξας
986 2331 1107 2408 αὐτοὺς

106 2435 182 2520 ίθέη
210 2435 307 2521 τέχνη
334 2435 523 2502 ἀπολείπειν
551 2436 668 2519 αὐτόν,
696 2437 902 2520 ἀναλαβόντα
924 2437 983 2500 τὸν
1007 2440 1107 2521 λόχον

105 2543 146 2606 τά
173 2542 256 2607 όπλα
278 2537 337 2625 ήχε
359 2543 466 2626 βάδην
489 2544 571 2629 πρὸς
592 2544 630 2607 τὸ
654 2543 733 2607 ἀλλο
757 2553 881 2625 στῖφος.
926 2544 963 2606 τὸ
987 2539 1023 2606 δὲ
1047 2542 1105 2606 άπ-

105 2648 208 2712 ελθὸν
232 2648 313 2713 ὅσον
330 2671 365 2714 τε
389 2647 466 2714 δέκα
488 2649 605 2713 στάδια
627 2647 761 2732 ἀνέμενε
784 2649 842 2711 τὸν
858 2641 1105 2732 Ἀμομφαρέτου

105 2754 220 2836 λόχον,
243 2749 318 2837 περὶ
340 2754 488 2837 ποταμὸν
510 2755 687 2818 Μολόεντα
715 2750 893 2835 ἱδρυμένον
917 2747 1105 2836 Ἀρχιόπιόν

8 2931 10 2946 ‚
103 2882 139 2924 τε
170 2869 280 2944 χῶρον
306 2861 521 2941 καλεόμενον,
552 2866 592 2942 τῇ
622 2856 678 2921 καὶ
705 2859 880 2940 Δήμητρος
903 2853 1105 2941 Ἐλευσινίης

106 2967 179 3050 ίρὸν
201 2960 310 3050 ήσται·
333 2962 469 3048 ἀνέμενε
493 2960 530 3028 δέ
551 2965 650 3029 τοῦδε
676 2961 794 3044 εἵνεκα,
817 2961 872 3025 ἵνα
894 2960 936 3045 ήν
959 2962 1002 3045 μή
1027 2961 1104 3026 ἀπο-

104 3073 199 3155 λείπη
225 3071 285 3135 τὸν
307 3079 415 3154 χῶρον
443 3067 480 3132 έν
502 3075 547 3155 τῷ
571 3067 739 3151 ἐτετάχατο
767 3066 785 3131 6
806 3060 1048 3150 Ἀμομφάρετός
1070 3089 1105 3132 τε

104 3173 199 3240 καὶὸ
223 3177 329 3260 λόχος,
353 3171 424 3238 ἀλλ’
451 3173 554 3238 αὐτοῦ
578 3171 711 3256 μένωσι,
735 3170 873 3256 βοηθέοι
896 3171 1000 3235 ὀπίσω
1023 3168 1101 3257 παρ’

104 3280 259 3356 ἐκείνους.
303 3278 358 3344 καί
387 3279 478 3344 οἵτε
505 3276 590 3363 ἀμφὶ
616 3279 675 3343 τὸν
698 3274 945 3363 Ἀμομφάρετον
972 3281 1103 3362 παρεγί-

104 3387 204 3450 νοντό
228 3402 287 3469 σφι
316 3383 371 3450 καὶ
397 3384 418 3468 ή
442 3385 539 3461 ἵππος
567 3383 588 3467 ή
615 3395 681 3448 τῶν
710 3384 887 3470 βαρβάρων
913 3382 1105 3470 προσέκειτο

104 3497 201 3556 πᾶσα.
253 3490 287 3553 οῖ’
319 3491 382 3574 χάρ
420 3491 551 3556 ἱππόται
588 3489 718 3555 ἐποίευν
755 3481 828 3556 οἷον
863 3486 917 3554 καὶ
953 3489 1104 3555 ἐώθεσαν

157 3602 250 3641 thon.
264 3601 295 3640 11.
859 3599 892 3647 23
