2632 3970
238 265 303 329 384
652 261 839 318 HERODOTI

239 409 282 491 μὴ
306 407 553 489 στρατεύεσθαι.
594 415 696 472 ταῦτα
719 387 825 489 λέγων
844 403 1007 480 Ιεὐπετέως
1030 405 1144 487 έμελλε
1169 400 1248 467 ἀνα-

238 514 365 576 πείσειν
384 511 510 595 Ξέρξην
529 513 662 593 [δοῦναι
681 510 803 597 ἀνδρὸς
822 505 941 592 οἶκον],
961 506 1062 574 οὐδέν
1079 507 1248 589 ὑποτοπη-

238 616 343 682 θέντα
365 627 432 682 τῶν
455 616 580 693 ἐκεῖνος
602 616 750 701 ἐφρόνεε.
791 613 844 680 ἐπὶ
865 623 929 699 γῆν
953 610 991 678 δέ
1012 615 1073 696 τὴν
1092 611 1248 695 βασιλέος
1294 639 1295 690 γ

239 724 479 807 στρατεύεσθαι
505 725 744 806 Πρωτεσίλεων
776 723 866 803 έλεγε
893 718 999 784 νοέων
1026 719 1152 782 τοιάδε·
1185 719 1247 800 την
1292 699 1295 762 ⁴

236 822 349 912 Ἀσίην
371 837 481 892 πᾶσαν
503 830 674 911 νομίζουσι
698 825 830 891 ἑωυτῶν
853 819 938 889 εἶναι
958 823 1085 909 Πέρσαι
1107 820 1162 887 καὶ
1186 831 1247 888 τοῦ

239 930 304 998 αίελ
337 935 581 1015 βασιλεύοντος.
631 929 701 997 ἐπεὶ
735 927 772 995 δέ
803 931 923 1013 ἐδόθη,
959 931 999 994 τά
1030 931 1179 1013 χρήματα
1212 927 1245 1005 ἐξ

236 1034 447 1114 Ἐλαιοῦντος
463 1038 496 1114 ἐς
510 1037 644 1120 Σηστὸν
658 1035 836 1121 ἐξεφόρησε
849 1033 903 1099 καί
916 1035 954 1100 τὸ
968 1033 1101 1118 τέμενος
1115 1035 1245 1118 ἔσπειρε

239 1139 294 1206 καὶ
317 1141 460 1227 ἐνέμετο,
484 1143 583 1219 αὐτός
601 1165 635 1206 τε
658 1143 741 1217 ὅκως
764 1141 912 1206 ἀπίκοιτο
932 1140 965 1217 ές
984 1137 1187 1221 Ἐλαιοῦντα,
1207 1139 1243 1204 έν

238 1255 284 1334 τῷ
309 1247 419 1336 ἀδότςο
442 1247 572 1331 γυναιξὶ
592 1248 749 1332 ἐμίσγετο.
786 1249 858 1311 τότε
878 1243 915 1311 δέ
934 1243 1159 1331 ἐπολιορκέετο
1177 1245 1241 1309 ὑπὸ

236 1313 425 1436 ’Λθηναίεόν
453 1353 530 1418 οὔτε
556 1350 863 1439 παρεσκευασμένος
890 1351 923 1429 ἐς
949 1353 1143 1436 πολιορκίην
1166 1351 1241 1415 οὔτε

239 1459 504 1543 προσδεκόμενος
526 1461 605 1535 τοὺς
619 1455 793 1542 Ἕλληνας
817 1457 994 1544 ἀφυλάκτῳ
1016 1454 1056 1522 δέ
1071 1481 1136 1533 κως
1153 1455 1242 1542 αὐτῷ
1294 1519 1295 1524 ,

188 1563 417 1633 ι.ιτέπέπεσον
458 1561 528 1629 ἐπεὶ
552 1561 589 1628 δὲ
611 1561 919 1648 πολιορκεομένοισί
939 1579 1000 1646 σφι
1023 1563 1243 1645 φθινόπωρον
1294 1587 1295 1664 η

240 1670 335 1752 έπεγί
333 1691 423 1752 νετο,
450 1669 676 1753 ἤσχαλλονί
640 1692 658 1732 0
692 1665 865 1751 Ἀθηναῖοι
887 1668 953 1733 ἀπό
974 1690 1009 1733 τε
1031 1677 1088 1752 της
1110 1666 1244 1732 ἑωυτῶν
1294 1687 1295 1724 ι

239 1773 482 1858 ἀποδημέοντες
517 1771 572 1837 καὶ
610 1773 651 1838 οὐ
688 1774 867 1857 δυνάμενοι
903 1771 1025 1850 έξελείν
1058 1773 1096 1838 τὸ
1126 1783 1243 1856 τεῖχος,

240 1877 374 1946 ἐδέοντό
392 1903 438 1945 τε
444 1889 511 1944 τῶν
530 1889 722 1964 στρατηγῶν
737 1879 852 1956 ὅκως’
834 1879 992 1962 απάγοιεν
1007 1875 1112 1963 σφέας
1125 1877 1184 1943 ὀπί
1169 1881 1243 1944 ί·σω

241 1986 276 2052 οί
301 1983 338 2052 δέ
365 1986 427 2052 οὐκ
458 1987 587 2068 έφασαν
618 1981 698 2070 πρὶν
729 1983 812 2066 ἣέξ
797 1983 913 2062 ξέλωσι
943 1983 965 2068 ἢ
992 1985 1030 2048 τὸ
1054 1982 1246 2067 Ἀθηναίων

239 2095 355 2158 κοινόν
387 2106 491 2176 σφεας
522 2089 775 2175 μεταπέμψηται.
822 2090 908 2154 οὕτω
943 2091 984 2173 δη
1018 2092 1174 2173 ἔστεργον
1205 2094 1249 2156 τὰ

189 2199 421 2282 ιιεταρεόντα.
470 2195 505 2261 οί
534 2191 571 2260 δέ
603 2195 640 2260 ἐν
670 2202 715 2282 τῷ
747 2197 848 2278 τείχει·
882 2194 915 2270 ές
946 2202 1013 2259 πᾶν
1043 2197 1107 2279 ἤδη
1139 2207 1249 2263 κακοῦ

241 2300 415 2385 ἀπιγμένοι
437 2297 538 2384 ἦσαν,
563 2301 649 2366 οὕτω
673 2301 755 2365 ὥστε
777 2302 856 2376 τοὺς
877 2302 997 2377 τόνους
1018 2299 1155 2380 ἕψοντες
1176 2313 1249 2368 τῶν

239 2404 380 2470 κλινέων
410 2403 583 2472 ἐσιτέοντο.
633 2406 738 2472 ἐπείτε
768 2402 805 2470 δὲ
832 2403 911 2471 οὐδὲ
936 2413 1040 2471 ταῦτα
1066 2409 1115 2472 έτι
1142 2403 1250 2494 εἶχον,

240 2511 326 2578 οὕτω
350 2512 391 2595 δη
414 2510 479 2575 ὑπὸ
502 2511 606 2576 νύκτα
629 2518 760 2596 οίχοντο
784 2511 987 2597 ἀποδράντες
1009 2513 1045 2577 οἳ
1061 2535 1096 2577 τε
1114 2512 1251 2599 Πέρσαι

239 2615 294 2683 καλ
317 2617 335 2684 ό
355 2613 553 2702 Ἀρταΰκτης
579 2613 634 2682 καὶ
657 2616 675 2682 ὁ
700 2619 872 2700 Οἰόβαζος,
897 2619 1017 2684 ὄπισθε
1038 2627 1099 2684 τοῦ
1121 2622 1250 2704 τείχεος

239 2723 455 2808 καταβάντες,
478 2730 517 2806 τῇ
540 2716 583 2806 ἦν
606 2721 808 2809 έρημότατον
830 2733 896 2787 τῶν
918 2727 1093 2808 πολεμίων.
1138 2725 1184 2802 ὡς
1208 2724 1249 2792 δὲ

239 2829 343 2916 ἡμέρη
367 2827 507 2914 ἐγένετο,
530 2829 566 2894 οί
586 2833 826 2915 Χερσονησῖται
848 2829 910 2894 άπὸ
928 2841 996 2894 τῶν
1013 2831 1151 2916 πύργων
1169 2831 1245 2915 ἐσή-
1294 2833 1295 2856 ’

240 2959 349 3019 μηναν
376 2944 462 3000 τοῖσι
491 2932 698 3018 Ἀθηναίοισι
730 2937 766 3000 τὸ
798 2936 936 3018 γεγονὸς
967 2934 1021 3000 καὶ
1052 2939 1110 3014 τάς
1137 2939 1246 3014 πύλας

240 3039 385 3119 άνοιξαν.
429 3050 497 3105 τῶν
526 3037 563 3104 δὲ
586 3041 621 3105 οί
641 3036 701 3124 μέν
723 3045 861 3117 πλεῦνες
884 3041 1038 3126 ἐδίωκον,
1066 3042 1102 3107 οί
1122 3039 1158 3108 δέ
1181 3045 1244 3126 τὴν
1294 3119 1295 3122 ¹

187 3148 346 3212 ιιεκόλιν
378 3140 476 3230 εἶχον.
524 3146 686 3228 Οἰόβαζου
717 3145 778 3229 μέν
809 3169 873 3210 νυν
902 3146 1089 3231 ἐκφυγόντα
1121 3147 1155 3225 ἐς
1180 3151 1243 3233 τὴν
1294 3149 1295 3160 ²

240 3253 387 3334 Θρηίκην
402 3253 539 3334 Θρήικες
549 3245 716 3328 Ἀψίνθιοι
730 3254 886 3334 λαβόντες
900 3255 1029 3318 έθνσαν
1040 3256 1241 3342 Πλειστώρῳ

239 3353 401 3440 έπιχωρίφ
420 3361 490 3442 θεῷ
509 3358 618 3442 τρόπῳ
637 3365 681 3443 τςό
697 3355 854 3443 σφετέρῳ,
873 3359 952 3436 τοὺς
969 3356 1006 3423 δέ
1024 3356 1093 3443 μετ’
1111 3359 1240 3426 ἐκείνου

238 3456 326 3541 άλλφ
353 3460 464 3542 τρόπῳ
492 3459 686 3544 ἐφόνευσαν.
733 3463 768 3525 οί
794 3459 831 3526 δέ
854 3461 939 3547 ἀμφὶ
960 3465 1019 3528 τὸν
1038 3460 1240 3548 Ἀρταΰκτην
