2678 3970
202 230 265 293 158
556 225 564 238 “
613 227 801 284 HERODOTI

199 395 253 438 τοι
284 372 381 455 δίκην
415 371 558 439 ἐπιτιθεῖ
587 372 702 456 τήνδε,
737 372 788 438 ὅτι
818 396 876 458 μιν
906 371 1066 456 ἠδίκησας
1102 365 1202 436 οὐδέν

200 477 282 561 πρὸς
305 476 433 544 ἐκείνου
456 478 573 544 ἄδικον
594 479 715 543 παθόν.
751 474 807 543 καὶ
825 479 980 561 βασιλεὺς
1001 473 1062 561 μὲν
1079 473 1202 561 ,Ξέρξης

202 582 395 666 διαβήσεταί
418 598 471 662 σε,
498 584 541 660 ήν
567 605 602 649 τε
625 582 667 647 σύ
689 605 728 666 γε
750 583 854 669 βοόλη
877 584 919 667 ήν
940 605 976 649 τε
998 584 1057 666 μή·
1088 578 1143 646 σοὶ
1165 576 1201 645 δέ

200 688 282 753 κατὰ
307 688 404 772 δίκην
426 689 491 774 ἀρα
513 685 624 764 οὐδεὶς
645 688 837 773 ἀνθρώπων
863 687 942 753 θύει
969 687 1014 764 ὡς
1036 687 1126 752 ἐόντι
1147 683 1202 750 καί

199 798 330 882 θολερῷ
362 791 417 859 καὶ
448 792 583 882 ἁλμυρῷ
614 801 759 882 ποταμῷ.
802 794 864 876 τήν
890 815 926 859 τε
958 794 1000 877 δή
1026 792 1201 858 θάλασσαν

200 898 384 965 ἐνετέλλετο
415 899 563 966 τούτοισι
590 902 727 983 ζημιοῦν
752 897 807 964 καί
832 909 901 964 τῶν
927 898 1135 964 ἐπεστεώτων
1161 905 1201 982 τή

148 1021 183 1072 ιο
202 1004 287 1085 ζεύξι
313 1013 374 1070 τοῦ
396 1000 641 1088 Ἑλλησπόντου
667 1002 847 1089 ἀποταμεῖν
868 1005 926 1081 τὰς
949 1003 1103 1088 κεφαλάς.
1147 1000 1201 1068 καὶ

200 1111 238 1176 οέ
255 1107 316 1196 μὲν
337 1119 439 1176 ταῦτα
462 1110 591 1176 ἐποίεον
613 1121 700 1175 τοῖσι
722 1108 913 1196 προσέκειτο
936 1111 1017 1194 αὕτη
1042 1109 1063 1194 ή
1087 1110 1202 1195 ἄχαρις

199 1219 290 1302 τιμή,
321 1217 380 1293 τὰς
411 1211 448 1282 δέ
481 1217 575 1282 ἄλλοι
610 1213 834 1300 ἀρχιτέκτονες
866 1215 1078 1300 ἐζεύγνυσαν·
1115 1214 1202 1294 ἐζεύ-

199 1337 328 1406 γνυσαν
364 1318 402 1387 δέ
433 1316 513 1386 ὧδε·
547 1320 826 1407 πεντηκοντέρους
855 1318 911 1387 καλ
940 1324 1092 1407 τριήρεας
1122 1336 1201 1385 συν-

199 1426 325 1510 θέντες,
348 1427 413 1492 ύπὸ
436 1423 497 1511 μὲν
518 1427 580 1510 τήν
601 1429 685 1511 πρὸς
706 1435 767 1493 τοῦ
788 1425 952 1506 Εὐξείνου
974 1430 1110 1494 Πόντου
1133 1425 1200 1509 ἑξή-

199 1535 301 1598 κοντύ
321 1555 357 1598 τε
377 1530 433 1610 καὶ
454 1535 653 1617 τριηκοσίας,
675 1532 741 1598 ὑπὸ
765 1529 802 1599 δὲ
819 1535 882 1617 τήν
900 1531 1015 1619 ἑτέρην
1031 1547 1202 1617 τεσσερεσ-
1325 1605 1326 1610 1

199 1639 334 1704 καίδεκα
360 1635 415 1703 καὶ
440 1641 643 1724 τριηκοσίας,
670 1646 732 1705 τοῦ
758 1635 819 1723 μὲν
843 1641 978 1706 Πόντου
1001 1638 1200 1725 ἐπικαρσίας,

198 1753 260 1812 τοῦ
287 1742 324 1810 δέ
342 1740 586 1829 Ἑλλησπόντου
612 1745 694 1810 κατὰ
716 1744 812 1829 ῥόον,
841 1744 897 1810 ἵνα
924 1744 1115 1831 ἀνακωχεύῃ
1141 1745 1201 1809 τὸν
1325 1757 1326 1782 ι

199 1853 300 1918 τόνον
333 1859 402 1915 τῶν
438 1850 563 1915 ὅπλων·
600 1848 780 1927 συνθέντες
812 1846 850 1916 δέ
883 1850 1028 1936 ἀγκύρας
1057 1859 1202 1935 κατῆκαν
1325 1907 1326 1918 ,

199 1957 405 2043 περιμήκεας,
428 1957 486 2033 τὰς
508 1953 569 2043 μέν
590 1957 673 2042 πρὸς
694 1964 756 2022 τοῦ
773 1958 908 2022 Πόντου
930 1965 987 2040 τῆς
1005 1955 1117 2042 ἑτέρης
1134 1965 1202 2021 τῶν

200 2061 331 2147 ἀνέμων
358 2063 482 2128 εἵνεκεν
504 2072 571 2128 τῶν
594 2065 723 2127 ἔσωθεν
746 2061 967 2145 ἐκπνεόντων,
995 2071 1054 2146 τῆς
1076 2059 1113 2128 δέ
1136 2060 1201 2127 ἑτέ·

201 2191 260 2252 ρης
286 2167 369 2253 πρὸς
398 2166 536 2253 ἑσπέρης
562 2190 597 2233 τε
623 2165 760 2233 καὶτοῦ
789 2169 933 2252 Αίγαίου
960 2168 1062 2253 εύρου
1084 2191 1119 2234 τε
1146 2165 1201 2233 καὶ
1324 2153 1325 2217 λ

199 2273 301 2336 νότου
324 2273 440 2338 εἵνεκα.
477 2270 653 2338 διέκπλοον
676 2269 713 2338 δέ
731 2272 924 2358 ὑπόφαυσιν
940 2271 1116 2340 κατέλιπον
1133 2285 1201 2338 τῶν
1323 2353 1324 2360 ρ

199 2374 467 2462 πεντηκοντέρων
494 2373 549 2440 καί
574 2374 736 2462 τριηρέων
758 2387 888 2464 τριχοῦ,
916 2378 972 2443 ἵνα
1000 2376 1054 2444 καὶ
1082 2378 1116 2457 ἐς
1141 2381 1201 2444 τὸν

200 2484 335 2548 Πόντον
358 2483 415 2566 ἐχη
433 2479 452 2546 ὁ
470 2483 672 2566 βουλόμενος
689 2480 801 2548 πλέειν
818 2487 964 2549 πλοίοισι
981 2488 1128 2550 λεπτοῖσι
1146 2483 1201 2550 καὶ
1322 2545 1323 2550 ,

200 2588 236 2654 ἐκ
257 2595 317 2652 τοῦ
341 2588 476 2652 Πόντου
498 2584 568 2664 ἔξω.
613 2596 715 2652 ταῦτα
738 2584 776 2654 δέ
797 2591 992 2674 ποιήσαντες
1013 2588 1201 2656 κατέτεινον

200 2694 236 2761 ἐκ
258 2701 317 2778 γῆς
340 2694 574 2776 στρεβλοῦντες
596 2693 705 2758 όνοισι
728 2691 890 2772 ξυλίνοισι
911 2696 952 2760 τὰ
974 2695 1068 2779 ὅπλα,
1091 2694 1201 2762 οὐκέτι

199 2797 300 2886 χωρὶς
322 2797 456 2880 ἑκάτερα
478 2796 641 2882 τάξαντες,
665 2799 747 2865 ἀλλά
770 2799 832 2866 δύο
852 2797 914 2885 μὲν
931 2805 1126 2868 λευκολίνου
1143 2803 1200 2868 δα-

200 2907 336 2993 σάμενοι
359 2904 392 2982 ές
415 2902 587 2990 ἑκατέρην,
609 2903 747 2990 τέσσερα
770 2901 806 2971 δέ
828 2917 895 2971 τῶν
917 2909 1095 2990 βυβλίνων.
1139 2929 1200 2974 πα·
1316 2941 1322 2973 ι

199 3014 298 3097 χύτης
324 3008 385 3097 μέν
413 3009 435 3094 ή
462 3010 544 3094 αύτή
571 3008 626 3076 καὶ
651 3013 810 3094 καλλονή,
837 3013 919 3077 κατὰ
940 3014 1041 3096 λόγον
1064 3009 1101 3079 δέ
1129 3007 1199 3098 [ήν]
1320 2995 1321 3078 ]

200 3118 438 3204 ἐμβριθέστερα
464 3118 504 3182 τά
531 3119 638 3199 λίνεα,
665 3125 726 3182 τοῦ
751 3117 914 3184 τάλαντον
937 3117 955 3184 ὁ
978 3127 1083 3203 πῆχυς
1105 3112 1199 3186 εἷλκε.

201 3224 311 3306 ἐπειδή
340 3220 376 3288 δέ
399 3222 597 3307 ἐγεφυρώθη
621 3221 639 3288 ὁ
663 3225 780 3307 πόρος,
807 3225 952 3309 κορμούς
974 3222 1081 3302 ξύλων
1104 3247 1200 3290 κατα-

199 3331 375 3415 πρίσαντες
400 3325 455 3392 παὶ
479 3330 674 3412 ποιήσαντες
696 3333 790 3405 ἴσους
811 3339 868 3413 τῆς
890 3330 1021 3414 σχεδίης
1042 3337 1086 3417 τῷ
1110 3330 1202 3415 εὔρει
1319 3377 1320 3416 ,

199 3435 310 3521 κόσμςο
347 3433 501 3498 ἐτίθεσαν
532 3435 718 3521 κατύπερθε
754 3445 821 3498 τῶν
853 3436 963 3500 ὅπλων
995 3444 1055 3500 τοῦ
1085 3438 1200 3517 τόνου,
1319 3425 1320 3439 ’
