2678 3968
450 307 517 365 ΜΒ.
537 309 597 365 vn.
633 309 710 365 οΑΡ.
729 317 884 366 τοο-ιω.
1106 310 1170 376 251

168 447 366 536 ὑποθέοιτο,
397 454 429 518 εί
459 455 502 538 μή
531 457 643 538 πρόσω
671 455 787 537 ἀρετῆς
814 454 943 537 ἀνήκοι·
975 455 1108 521 σπάνιοι
1136 451 1175 520 δέ

76 548 79 553 ’
170 557 234 619 είσι
261 557 297 622 οί
319 567 479 624 τοιοῦτοι·
511 558 617 638 ξεῖνος
644 557 681 624 δὲ
709 561 803 648 ξείνω
832 544 869 624 εὖ
895 562 1080 643 πρήσσοντί
1104 560 1173 626 ἐστι

171 661 408 744 εὐμενέστατον
439 666 590 750 πάντων,
622 663 936 750 συμβουλευομένου
961 689 996 730 τε
1023 664 1065 731 ἀν
1092 683 1172 750 συμ-

170 769 361 850 βουλεύσειε
387 771 428 833 τδ
455 771 581 856 ἀριστα.
628 772 714 836 οὕτω
739 766 786 836 δον
804 772 999 853 κακολοηίης
1020 770 1094 856 πέρι
1116 781 1173 854 της

49 968 52 974 ι
170 871 203 948 ές
225 875 443 959 Δημάρητον,
472 876 584 954 ἐόντος
611 875 832 960 ἐμολξείνου,
861 878 999 960 ἔχεσθαί
1017 898 1091 940 τινα
1113 885 1174 941 τοῦ

171 981 289 1045 λοιποῦ
311 982 443 1047 κελεύω.
488 991 590 1048 ταῦτα
619 988 711 1060 είπας
733 981 854 1067 ,Ξέρξης
878 980 998 1064 διεξήιε
1021 982 1077 1046 διδι
1099 993 1165 1046 τῶν
1174 999 1225 1049 238

170 1095 297 1170 νεκρῶν
319 1085 375 1151 καὶ
393 1089 582 1172 Λεωνίδεω,
601 1089 748 1171 ἀκηκοὼς
767 1089 817 1153 ὅτι
836 1089 990 1171 βασιλεύς
1007 1110 1041 1152 τε
1059 1083 1102 1170 ήν
1118 1085 1173 1152 καὶ

170 1193 354 1275 στρατηγὸς
376 1195 665 1278 Λακεδαιμονίων,
694 1193 842 1260 ἐκέλευσε
866 1188 1092 1276 ἀποταμόντας
1113 1193 1174 1275 τήν

170 1298 318 1380 κεφαλήν
346 1297 609 1384 ἀνασταυρῶσαι.
655 1300 739 1383 δήλά
768 1323 825 1384 μοι
854 1304 1006 1364 πολλοῖσι
1033 1293 1093 1380 μέν
1119 1295 1174 1361 καὶ

170 1402 300 1468 ἀλλοισι
318 1409 531 1491 τεκμηρίοισι,
551 1405 588 1471 έν
606 1403 643 1470 δέ
661 1404 715 1472 καὶ
733 1407 818 1493 τῷδε
837 1405 897 1471 οὐκ
915 1406 1031 1489 ήκιστα
1047 1403 1174 1486 γέγονε,

172 1507 222 1572 ότι
244 1511 397 1591 βασιλεὺς
416 1511 540 1595 Ξέρξης
561 1512 696 1576 πάντων
719 1513 760 1594 δή
782 1511 920 1595 μάλιστα
944 1509 1077 1595 ἀνδρῶν
1096 1508 1175 1574 ἐθυ-

171 1613 269 1696 μώθη
294 1617 389 1693 ζῶντι
411 1617 579 1700 Λεωνίδη·
608 1617 648 1681 οὐ
671 1619 734 1701 γάρ
758 1617 800 1680 ἀν
822 1640 896 1682 κοτε
920 1615 953 1694 ές
973 1617 1033 1680 τὸν
1055 1615 1175 1701 νεκρόν

170 1728 272 1784 ταῦτα
294 1724 517 1807 παρενόμησε,
542 1719 610 1786 ἐπεὶ
625 1719 731 1805 Ιτιμάν
753 1722 892 1806 μάλιστα
914 1724 1086 1805 νομίζουσι
1108 1730 1175 1785 τῶν

171 1823 235 1907 ἐγὼ
254 1821 330 1891 οίδα
353 1827 542 1912 ἀνθρώπων
560 1825 688 1911 Πέρσαι
706 1828 830 1912 ἀνδρας
849 1827 997 1910 ἀγαθοὺς
1019 1828 1059 1890 τά
1080 1823 1175 1891 πολέ-

171 1955 238 2016 μια.
275 1933 310 1996 οί
325 1928 386 2016 μέν
406 1933 446 2016 δή
461 1941 563 1996 ταῦτα
577 1931 721 2015 ἐποίευν,
739 1943 825 1997 τοῖσι
840 1931 1028 1996 ἐπετέτακτο
1042 1931 1175 1996 ποιέειν.

174 2037 295 2120 [ἄνειμι
314 2035 351 2103 δέ
369 2039 471 2104 ἐκεῖσε
489 2049 549 2104 τοῦ
568 2042 669 2123 λόγου
687 2048 727 2124 τῇ
745 2061 802 2123 μοι
815 2039 852 2102 τὸ
866 2035 1227 2122 πρότερονέξέλιπεσου

172 2142 340 2209 ἐπύθοντο
367 2147 625 2229 Λακεδαιμόνιοι
657 2146 708 2211 ὅτι
741 2145 894 2227 βασιλεὺς
924 2141 1090 2208 στέλλοιτο
1123 2141 1175 2208 ἐπὶ

172 2249 233 2332 τὴν
252 2245 393 2314 Ἑλλάδα
420 2262 559 2336 πρῶτοι,
587 2248 641 2315 καὶ
670 2249 756 2314 οὕτω
785 2249 826 2332 δή
857 2248 890 2324 ές
916 2248 953 2312 τὸ
976 2250 1176 2333 χρηστήριον

172 2356 209 2419 τὸ
237 2355 270 2433 ές
292 2358 449 2439 Δελφοὺς
472 2355 680 2442 ἀπέπεμψαν,
708 2359 793 2421 ἔνθα
816 2356 857 2439 δή
881 2371 942 2439 σφι
965 2355 1111 2440 ἐχρήσθη
1136 2356 1176 2419 τά

173 2460 273 2548 ὀλίγῳ
300 2463 463 2546 πρότερον
487 2457 593 2528 εἶπον·
626 2462 793 2527 ἐπύθοντο
818 2457 854 2526 δὲ
872 2463 982 2549 τρόπω
1006 2463 1175 2546 θωμασίῳ.

173 2567 373 2652 Δημάρητος
399 2569 463 2654 γάρ
490 2567 508 2634 ό
530 2565 726 2650 Ἀρίστωνος
748 2566 866 2651 φυγὼν
890 2566 922 2643 ές
945 2567 1102 2650 Μήδους,
1132 2566 1176 2640 άις

172 2669 233 2757 μὲν
256 2672 319 2755 ἐγὼ
344 2673 458 2756 δοκέω,
482 2671 596 2738 καὶτὸ
620 2675 709 2750 οἰκὸς
727 2671 799 2758 έμολ
818 2673 1030 2757 συμμάχεται,
1055 2671 1116 2736 οὐκ
1133 2666 1176 2753 ήν

172 2781 289 2856 εὔνοος
303 2781 606 2864 Λακεδαιμονίοισι,
625 2781 761 2864 πάρεστι
781 2775 817 2844 δέ
831 2779 969 2855 εἰκάζειν
983 2783 1047 2842 είτε
1062 2776 1175 2861 εὐνοίη

172 2894 274 2950 ταῦτα
297 2884 429 2968 ἐποίησε
451 2891 515 2950 είτε
537 2883 592 2950 καὶ
615 2887 834 2969 καταχαίρων·
858 2883 962 2948 έπείτε
984 2882 1047 2966 γάρ
1071 2879 1175 2966 Ξέρξη

172 2991 265 3070 ἔδοξε
284 2989 536 3075 στρατηλατέειν
555 2989 607 3056 έπὶ
625 2991 686 3074 τήν
701 2987 851 3070 Ἑλλάδα,
875 2987 939 3052 έὼν
958 2988 994 3052 ἐν
1012 2987 1172 3052 Σούσοισι

172 3097 191 3164 ό
214 3097 413 3182 Δημάρητος
434 3093 489 3162 καὶ
511 3098 702 3179 πυθόμενος
725 3103 826 3158 ταῦτα
848 3092 991 3190 ήιθέλησε
1014 3093 1175 3157 Λακεδαι·

172 3207 319 3287 μονίοισι
341 3201 532 3286 ἐξαγγεῖλαι.
569 3202 675 3276 άλλως
697 3196 758 3282 μὲν
782 3199 822 3281 δή
847 3197 907 3262 οὐκ
931 3193 995 3283 εἶχε
1019 3206 1175 3281 σημῆναι·

173 3309 387 3374 ἐπικίνδυνον
415 3310 478 3393 γάρ
511 3302 554 3390 ήν
585 3307 629 3390 μή
660 3306 842 3388 λαμφθείη·
875 3302 893 3368 ό
926 3299 962 3368 δέ
994 3311 1175 3387 μηχανᾶται

173 3416 296 3480 τοιάδε·
325 3416 455 3480 δελτίον
479 3415 639 3494 δίπτυχον
662 3411 773 3492 λαβὼν
796 3410 854 3475 τὸν
868 3410 981 3496 κηρὸν
1004 3409 1107 3474 αὐτοῦ
1129 3408 1174 3486 έξ-

173 3519 290 3604 έκνησε
313 3517 368 3584 καί
391 3523 500 3584 ἔπειτα
523 3517 560 3583 έν
577 3525 621 3601 τῷ
642 3517 728 3602 ξύλῳ
746 3525 806 3581 τοῦ
826 3516 956 3580 δελτίου
975 3517 1097 3597 ἔγραψε
1114 3515 1176 3594 τήν
1301 3513 1303 3518 ’
