2678 3968
219 206 284 269 302
629 203 818 259 HERODOTI

218 346 466 434 περιημέκτεον,
491 346 631 434 ὁρμέατό
653 366 692 413 τε·
714 347 747 424 ές
768 348 827 413 τὸν
845 343 1088 430 Ἑλλήσποντον
1110 345 1225 412 πλέειν

219 452 274 518 καί
303 452 355 518 ἐπὶ
383 453 496 538 σφέων
523 453 634 519 αὐτῶν
662 456 855 538 βαλόμενοι,
888 455 919 518 εί
946 447 1045 518 ὧλλοι
1072 453 1116 536 μὴ
1144 456 1224 535 βου-

219 560 345 643 λοίατο)
368 559 462 643 ἔλεγέ
482 575 543 643 σφι
566 559 656 624 τάδε·
679 557 747 623 Καὶ
769 559 868 636 αὐτὸς
889 560 953 642 ήδη
971 563 1123 624 πολλοῖσι
1141 578 1224 642 παρ-

219 668 381 749 εγευόμην
412 663 468 731 καὶ
499 670 609 753 πολλῷ
642 663 729 730 πλέω
762 665 886 748 ἀκήκοα
914 665 1026 730 τοιάδε
1052 661 1224 747 γενέσθαι,

219 772 343 856 ἀνδρας
366 771 399 848 ές
422 771 606 854 ἀναγκαίην
629 769 867 854 ἀπειληθέντας
886 769 1122 855 νενικημένους
1145 769 1224 834 ἀνα-

219 877 386 962 μάχεσθαί
400 900 435 942 τε
455 875 509 941 καὶ
529 877 774 961 ἀναλαμβάνειν
791 877 852 959 τήν
870 874 1034 962 προτέρην
1052 877 1224 958 κακότητα.

219 983 312 1067 ἡμεῖς
335 981 375 1048 δέ
396 979 538 1069 (εὕρημα
560 983 623 1067 γὰρ
647 981 831 1067 εὑρήκαμεν
853 981 955 1066 ἡμέας
971 1006 1006 1047 τε
1029 982 1151 1057 αὐτοὺς
1168 978 1224 1045 καὶ

217 1089 279 1170 τὴν
303 1084 461 1171 Ἑλλάδα,
487 1087 591 1172 νέφος
617 1097 756 1153 τοσοῦτο
784 1087 974 1174 ἀνθρώπων
1001 1087 1224 1175 ἀνωσάμενοι)

218 1195 263 1278 μὴ
286 1193 456 1278 διώκωμεν
479 1195 604 1277 ἀνδρας
625 1193 819 1277 φεύγοντας.
860 1195 938 1259 τάδε
960 1195 1023 1278 γάρ
1047 1194 1109 1258 οὐκ
1129 1193 1223 1278 ἡμεῖς

219 1301 501 1384 κατεργασάμεθα,
520 1300 602 1364 ἀλλά
620 1302 699 1365 θεοί
711 1322 746 1364 τε
765 1298 820 1364 καὶ
837 1301 952 1384 ἡρωες,
977 1303 1012 1364 οἳ
1028 1299 1222 1383 ἐφθόνησαν

220 1407 326 1491 ἀνδρα
349 1405 408 1471 ἕνα
430 1415 487 1489 τής
509 1429 544 1470 τε
564 1399 672 1488 Ἀσίης
690 1403 744 1470 καὶ
761 1414 820 1489 τῆς
837 1406 1001 1492 Εὐρώπης
1019 1408 1221 1489 βασιλεῦσαι,

220 1511 316 1577 ε’όντα
340 1511 477 1577 ἀνόσιόν
497 1534 531 1576 τε
553 1508 609 1575 καὶ
631 1510 835 1576 ἀτάσθαλον·
858 1511 895 1588 ὃς
917 1512 957 1576 τά
976 1535 1011 1577 τε
1035 1513 1090 1597 ίρά
1111 1509 1223 1576 καὶτὰ

220 1618 289 1683 ίδια
318 1617 355 1683 έν
378 1617 480 1704 δμοίςο
504 1615 664 1700 ἐποιέετο,
693 1617 853 1702 ἐμπιπράς
875 1641 910 1682 τε
932 1616 986 1684 καὶ
1008 1619 1223 1702 καταβάλλων

219 1733 287 1788 τῶν
308 1729 400 1788 θεῶν
422 1724 462 1788 τά
485 1722 666 1808 ἀγάλματα·
690 1723 727 1800 ὃς
748 1721 803 1788 καὶ
825 1724 887 1807 τὴν
909 1723 1084 1788 θάλασσαν
1102 1724 1222 1809 ἀπεμα-

220 1833 359 1912 στίγωσε
391 1827 493 1906 πέδας
519 1852 554 1894 τε
587 1837 712 1913 κατῆκε.
758 1823 829 1894 ἀλλ’
864 1822 902 1893 εὖ
933 1830 997 1915 γάρ
1025 1832 1091 1914 ἔχει
1121 1829 1155 1908 ές
1184 1831 1222 1895 τὸ

220 1936 344 2021 παρεὸν
375 1934 454 2019 ἡμῖν
483 1943 547 2002 νῦν
579 1932 640 2020 μὲν
672 1935 708 2002 έν
740 1943 780 2020 τῇ
804 1932 938 2000 Ἑλλάδι
966 1939 1224 2019 καταμείναντας
1310 1921 1311 1967 ἡ

219 2041 330 2126 ἡμέων
352 2065 387 2106 τε
410 2042 520 2108 αὐτῶν
543 2041 782 2126 ἐπιμεληθῆναι
804 2038 859 2104 καὶ
881 2051 948 2105 τῶν
972 2041 1136 2106 οἰκετέων·
1167 2042 1226 2106 καί

220 2171 269 2224 τις
292 2151 400 2231 οἰκίην
418 2171 453 2214 τε
475 2147 721 2213 ἀναπλασάσθω
744 2144 799 2211 καὶ
821 2149 950 2228 σπόρου
968 2146 1096 2223 ἀνακῶς
1114 2147 1222 2232 ἐχέτω,

221 2253 405 2328 παντελέως
432 2253 595 2329 ἀπελάσας
622 2254 681 2317 τὸν
708 2252 892 2338 βάρβαρον·
922 2254 988 2336 άμα
1015 2249 1052 2317 δέ
1078 2261 1123 2341 τῷ
1152 2257 1223 2339 ἔαρι

221 2356 452 2440 καταπλέωμεν
466 2355 518 2422 έπλ
527 2354 772 2440 Ἑλλησπόντου
786 2355 841 2422 καὶ
851 2354 985 2441 Ἰωνίης.
1017 2367 1119 2424 ταῦτα
1134 2362 1223 2443 ἔλεγε

222 2462 396 2546 ἀποθήκην
419 2461 548 2547 μέλλων
570 2464 769 2545 ποιήσεσθαι
792 2463 826 2538 ές
847 2465 907 2528 τὸν
929 2463 1079 2549 Πέρσην,
1104 2466 1160 2532 ἵνα
1181 2466 1224 2550 ἡν

222 2571 285 2653 ἀρα
308 2571 343 2632 τί
362 2592 420 2653 μιν
441 2568 675 2653 καταλαμβάνῃ
702 2570 785 2654 πρὸς
804 2566 993 2652 Ἀθηναίων
1015 2569 1139 2654 πάθος,
1167 2575 1224 2657 ἔχη

170 2692 221 2742 110
231 2675 458 2758 ἀποστροφήν·
490 2674 530 2738 τά
556 2696 617 2758 περ
646 2669 694 2738 ὧν
721 2672 775 2739 καὶ
803 2673 942 2757 ἐγένετο.
987 2677 1224 2761 Θεμιστοκλέης

223 2777 284 2866 μὲν
314 2789 416 2846 ταῦτα
444 2778 550 2862 λέγων
578 2777 744 2862 διέβαλλε,
770 2777 942 2862 Ἀθηναῖοι
970 2776 1007 2845 δέ
1035 2779 1225 2848 ἐπείθοντο·

223 2887 335 2970 έπειδὴ
353 2888 416 2971 γὰρ
434 2882 489 2950 καὶ
506 2885 668 2969 πρότερον
687 2883 887 2968 δεδογμένος
899 2881 985 2952 εἶναι
999 2887 1105 2971 σοφὸς
1118 2886 1225 2971 ἐφάνη

224 2993 288 3059 ἐὼν
316 2990 466 3076 ἀληθέως
493 2991 599 3074 σοφός
620 3012 655 3054 τε
678 2988 733 3055 καὶ
756 2990 926 3075 εὔβουλος,
948 2991 1079 3068 πάντως
1101 2991 1226 3078 ἕτοιμοι
1292 2945 1296 3063 ἡ

223 3095 308 3182 ἡσαν
327 3097 457 3182 λέγοντι
475 3099 663 3161 πείθεσθαι.
700 3094 744 3172 ὡς
763 3091 799 3160 δέ
818 3090 915 3161 οὗτοί
930 3098 965 3161 οί
980 3096 1227 3182 ἀνεγνωσμένοι

223 3200 324 3286 ἡσαν,
353 3204 469 3268 αὐτίκα
491 3202 570 3287 μετά
592 3209 694 3265 ταῦτα
718 3200 735 3266 ὁ
759 3200 997 3285 Θεμιστοκλέης
1020 3203 1146 3285 ἀνδρας
1168 3203 1227 3268 ἀπ-

225 3307 344 3390 έπεμπε
358 3310 492 3391 ἔχοντας
509 3311 638 3390 πλοῖον,
656 3319 742 3372 τοῖσι
760 3305 929 3372 ἐπίστευσε
948 3317 1047 3390 σιγᾶν
1065 3308 1099 3384 ές
1116 3317 1227 3374 πᾶσαν

224 3411 373 3492 βάσανον
401 3410 665 3498 ἀπικνεομένοισι
692 3414 732 3476 τά
759 3410 858 3488 αὐτὸς
888 3411 1070 3478 ἐνετείλατο
1097 3415 1228 3494 βασιλέι
