2640 3960
377 261 505 316 ταωνι.
539 261 615 318 οΔΡ.
635 268 761 330 ει-εε,
780 284 805 334 γ.
881 221 884 227 λ
1034 264 1095 329 107

91 408 228 473 ἀκούειν
265 407 381 491 ἄριστα
418 407 630 490 δικαιοσύνης
661 405 735 492 πέρι
766 407 900 472 πάντων
933 409 1006 473 ὅσοι
1036 409 1098 491 τήν

3 553 4 556 ¹
92 514 328 597 Λακεδαίμονα
350 519 470 576 τοῦτον
492 513 551 576 τὸν
574 514 697 597 χρόνον
721 518 839 578 οίκεον.
885 519 1098 597 συνενειχθή·

92 644 149 684 ναι
178 617 217 684 δέ
238 619 274 682 οί
298 617 335 682 ἐν
361 620 469 704 χρόνῳ
499 617 679 706 ἱκνευμένῳ
705 618 783 683 τάδε
810 617 964 702 λέγομεν,
992 619 1097 703 άνδρα

92 728 265 808 Μιλήσιον
288 722 488 807 ἀπικόμενον
507 722 540 799 ἐς
557 724 717 808 Σπάρτην
735 724 921 806 βούλεσθαί
935 725 970 789 οί
986 724 1097 788 ἐλθεῖν

93 831 126 908 ές
149 832 284 912 λόγους,
313 831 554 913 προϊσχόμενον
581 830 705 894 τοιάδε·
737 827 816 914 Είμὶ
839 825 899 913 μὲν
921 831 1096 912 Μιλήσιος,

2 938 4 947 ⁴
92 938 160 1020 ήκω
185 931 223 1001 δέ
244 943 302 1026 τής
324 943 393 1017 σής,
413 937 551 1018 Γλαῦκε,
570 935 782 1018 δικαιοσύνης
800 937 1001 1019 βουλόμενος
1019 934 1097 998 ἀπο-

93 1049 224 1108 λαῦσαι.
256 1040 301 1117 ὡς
318 1041 381 1124 γάρ
402 1040 443 1123 δή
463 1039 526 1104 ἀνά
543 1049 652 1106 πᾶσαν
671 1037 731 1124 μέν
748 1041 809 1124 τήν
827 1042 931 1124 ἀλλην
944 1038 1096 1122 Ἑλλάδα,

93 1151 129 1216 ἐν
153 1144 191 1213 δέ
213 1144 268 1211 καὶ
290 1143 366 1238 περὶ
385 1143 515 1228 Ἰωνίην
536 1154 594 1229 τής
616 1155 676 1229 σής
700 1147 913 1230 δικαιοσύνης
933 1141 976 1229 ήν
999 1147 1097 1228 λόγος

92 1255 230 1334 πολλός,
258 1250 409 1338 ἐμεωυτῷ
438 1253 558 1333 λόγους
580 1251 716 1317 ἐδίδουν
738 1249 792 1316 καὶ
815 1252 865 1316 ὅτι
887 1241 1097 1329 ἐπικίνδυνός

92 1363 162 1428 ἐστι
186 1360 253 1424 αίεί
271 1379 346 1422 κοτε
368 1355 389 1439 ή
409 1353 528 1439 Ἰωνίη,
550 1356 571 1440 ή
595 1352 632 1422 δέ
650 1359 907 1441 Πελοπόννησος
925 1357 1097 1440 ἀσφαλέως

93 1463 265 1553 ἱδρυμένη,
287 1459 342 1528 καὶ
366 1463 451 1526 διότι
473 1465 621 1547 χρήματα
644 1463 773 1547 οὐδαμά
792 1466 871 1540 τούς
889 1463 1009 1540 αύτούς
1028 1465 1096 1528 ἐστι

92 1575 175 1658 ὁρᾶν
198 1573 341 1654 ἔχοντας.
377 1568 535 1632 ταῦτάτε
558 1564 606 1634 ὧν
629 1568 849 1656 ἐπιλεγομένῳ
867 1567 922 1633 καὶ
939 1569 1097 1652 βουλευο-

91 1677 181 1764 μένῳ
209 1672 304 1754 έδοξέ
325 1668 382 1760 μοι
410 1675 450 1738 τά
476 1673 594 1756 ήμίσεα
618 1675 725 1758 πάσης
746 1670 804 1758 ’τής
826 1675 941 1758 οὐσίης
963 1674 1096 1760 ἐξαργυ-

91 1785 246 1869 ρώσαντα
277 1778 403 1844 θέσθαι
432 1781 521 1864 παρά
552 1779 604 1862 σέ,
637 1774 675 1844 εὖ
707 1779 943 1868 ἐξεπισταμένῳ
971 1782 1014 1858 ὥς
1041 1805 1096 1865 μοι
1175 1779 1177 1784 ’

90 1893 226 1972 κείμενα
249 1888 339 1950 ἐσται
366 1885 455 1969 παρὰ
478 1881 532 1950 σοὶ
556 1887 627 1950 σόα.
673 1887 715 1950 σὺ
739 1887 780 1969 δή
804 1909 859 1970 μοι
881 1883 936 1950 καί
958 1888 998 1952 τά
1020 1890 1096 1974 χρή-

90 2019 177 2081 ματα
205 1991 295 2070 δέξαι
321 1989 376 2056 καὶ
402 1991 481 2055 τάδε
507 1992 548 2055 τά
570 1991 721 2075 σύμβολα
744 1995 824 2069 σῶζε
847 1993 972 2074 λαβών·
1003 1992 1039 2069 ὃς
1062 1990 1092 2058 δ’

90 2102 134 2167 ἀν
157 2102 242 2184 ἔχων
258 2105 367 2162 ’ταῦτα
389 2095 540 2181 ἀπαιτέη,
563 2097 670 2183 τούτῳ
693 2096 885 2160 ἀποδοῦναι.
929 2097 947 2162 ὁ
970 2094 1030 2182 μέν
1053 2100 1094 2182 δή
1113 2095 1151 2177 β’

88 2208 155 2273 ἀπὸ
178 2206 332 2286 Μιλήτου
355 2203 446 2286 ήκων
468 2202 573 2282 ξεῖνος
594 2209 737 2266 τοσαῦτα
761 2200 861 2283 ἔλεξε,
887 2205 1036 2280 Γλαῦκος
1058 2201 1095 2270 δέ

89 2311 223 2390 ἐδέξατο
242 2309 303 2392 τήν
322 2309 521 2392 παραθήκην
538 2305 589 2372 ἐπὶ
603 2315 648 2394 τῳ
664 2306 824 2396 εἰρημένῳ
839 2310 935 2395 λόγῳ.
971 2312 1095 2394 χρόνον

89 2415 128 2484 δέ
155 2420 283 2483 πολλοῦ
310 2415 503 2490 διελθόντος
525 2408 634 2496 ήλθον
657 2412 690 2490 ἐς
712 2413 871 2499 Σπάρτην
892 2414 1013 2480 τούτου
1035 2426 1096 2482 τοῦ

88 2520 327 2606 παραθεμένου
354 2521 395 2584 τά
420 2522 569 2603 χρήματα
596 2520 632 2583 οί
654 2520 783 2602 παῖδες,
815 2519 971 2598 ἐλθόντες
998 2517 1034 2585 δέ
1062 2522 1095 2599 ἐς

88 2632 212 2712 λόγους
233 2635 279 2713 τῳ
299 2626 437 2711 Γλαύκῳ
460 2622 515 2688 καὶ
538 2624 791 2702 ἀποδεικνύντες
812 2626 852 2690 τά
870 2627 1019 2710 σύμβολα
1037 2625 1093 2690 ἀπ-

89 2737 201 2799 αίτεον
223 2732 264 2796 τά
285 2734 442 2816 χρήματα.
487 2729 505 2794 ὁ
529 2725 566 2795 δὲ
594 2730 753 2795 διωθέετο
776 2730 1095 2816 ἀντυποκρινόμενος

87 2840 216 2904 τοιάδε·
245 2837 330 2902 Οὔτε
357 2835 523 2921 μέμνημαι
549 2837 587 2901 τὸ
609 2845 742 2921 πρήγμα
766 2836 841 2900 ούτε
863 2859 903 2920 με
925 2835 1094 2921 περιφέρει

88 2941 191 3010 οὐδέν
219 2941 343 3008 είδέναι
368 2943 498 3006 τούτων
519 2951 587 3006 τῶν
609 2942 702 3025 ὑμεῖς
724 2939 847 3023 λέγετε,
875 2941 1040 3024 βούλομαί
1058 2963 1094 3006 τε

87 3045 316 3134 ἀναμνησθεὶς
339 3047 463 3112 ποιέειν
485 3055 552 3112 πᾶν
573 3048 611 3112 τὸ
635 3048 779 3110 δίκαιον·
808 3043 862 3110 καὶ
884 3046 947 3129 γάρ
970 3046 1002 3110 εί
1022 3047 1094 3110 ἐλα-

86 3159 167 3240 βον,
194 3154 307 3240 ὀρθῶς
329 3152 529 3236 ἀποδοῦναι,
559 3150 614 3217 καὶ
644 3157 677 3216 ελ
694 3174 733 3234 γε
760 3150 865 3235 ἀρχήν
892 3151 935 3234 μή
963 3152 1093 3234 ἔλαβον,

87 3265 223 3346 νόμοισι
245 3269 333 3324 τοῖσι
351 3255 519 3341 Ἑλλήνων
542 3260 705 3342 χρήσομαι
727 3255 761 3332 ἐς
778 3255 887 3338 ὑμέας.
922 3264 1023 3322 ταῦτα
1046 3252 1094 3322 ὧν

86 3367 167 3451 ὑμῖν
200 3364 427 3448 ἀναβάλλομαι
459 3365 622 3448 κυρώσειν
653 3361 687 3438 ἐς
719 3364 875 3446 τέταρτον
912 3371 998 3446 μήνα
1030 3362 1093 3428 ἀπὸ

87 3473 195 3540 τοῦδε.
238 3470 273 3535 ολ
293 3465 354 3549 μὲν
378 3471 418 3550 δή
438 3471 600 3552 Μιλήσιοι
622 3466 800 3552 συμφορήν
822 3468 1012 3551 ποιεύμενοι
1034 3467 1128 3541 άπ-γ
