2640 3960
197 219 241 283 58
608 215 797 272 HERODOTI

199 361 342 427 ἐπύθετο
365 371 477 445 ταῦτα,
498 359 621 428 Ἰώνων
643 360 766 426 οὐδένα
788 363 890 444 λόγον
909 362 1146 446 ποιησάμενον,
1171 356 1210 426 εὖ

198 468 310 532 εἰδότα
328 467 372 544 ὡς
391 463 486 534 οὗτοί
501 492 538 552 γε
552 467 593 532 οὐ
606 465 881 551 καταπροΐξονται
895 467 1105 549 ἀποστάντες,
1125 468 1210 553 είρέ-
1297 481 1298 486 ’

198 578 281 637 σθαι
313 573 432 651 οἵτινες
463 569 530 639 είεν
558 574 593 638 οί
620 568 806 656 Ἀθηναῖοι,
838 575 918 658 μετά
945 571 983 638 δὲ
1009 575 1211 657 πυθόμενον

199 679 330 761 αἰτῆσαι
348 681 385 744 τὸ
403 678 513 763 τόξον,
536 683 681 762 λαβόντα
700 676 737 744 δέ
755 676 809 744 καὶ
828 678 985 744 ἐπιθέντα
1004 679 1119 744 ὀϊστὸν
1137 680 1211 744 άνω

198 784 281 870 πρὸς
308 787 367 850 τὸν
391 787 537 871 οὐρανὸν
560 784 705 867 ἀπεῖναι,
730 787 788 849 καί
808 808 864 868 μιν
888 784 921 860 ἐς
942 785 1002 849 τὸν
1023 784 1106 869 ἠέρα
1130 785 1211 868 βάλ·
1299 762 1300 788 ¹

199 895 301 956 λοντα
325 893 442 957 εἰπεῖν·
461 883 500 957 Ὦ
518 895 595 974 Ζεῦ,
614 889 808 974 ἐκγενέσθαι
829 913 885 974 μοι
900 887 1100 974 Ἀθηναίους
1117 895 1211 956 τίσα-

199 1004 292 1080 σθαι,
311 1003 447 1064 εἴπαντα
466 994 503 1062 δὲ
521 1005 623 1062 ταῦτα
636 995 815 1082 προστάξαι
834 994 884 1062 ἑνὶ
902 1008 968 1062 τῶν
986 999 1211 1084 θεραπόντων

200 1105 338 1170 δείπνου
369 1102 588 1188 προκειμένου
620 1102 708 1190 αὐτῷ
741 1102 775 1179 ἐς
805 1099 876 1187 τρὶς
907 1101 1059 1168 ἑκάστοτε
1087 1105 1210 1168 εἰπεῖν·
1300 1109 1301 1126 ἐ

150 1210 364 1291 ιοσΔέσποτα,
389 1209 509 1294 μέμνεο
532 1219 599 1273 τῶν
614 1205 811 1291 Ἀθηναίων.
847 1209 1031 1293 προστάξας
1050 1205 1210 1274 δὲταῦτα
1301 1250 1302 1290 η

200 1312 285 1400 είπε,
308 1315 447 1392 καλέσας
474 1315 507 1392 ἐς
534 1317 614 1393 όψιν
632 1311 788 1380 Ἱστιαῖον
809 1315 869 1380 τὸν
891 1318 1077 1398 Μιλήσιον,
1105 1317 1166 1380 τὸν
1191 1316 1210 1381 δ
1301 1305 1302 1318 ’

200 1429 344 1509 Δαρεῖος
378 1431 504 1505 κατεῖχε
540 1423 663 1506 χρόνον
698 1421 762 1503 ἤδη
794 1423 932 1486 πολλόν·
969 1421 1210 1505 Πυνθάνομαι,
1302 1494 1303 1510 ρ

195 1525 337 1612 Ἱστιαῖε,
357 1528 534 1613 ἐπίτροπον
551 1526 610 1591 τὸν
628 1527 701 1608 σόν,
719 1534 764 1613 τῷ
783 1528 827 1590 σὺ
844 1530 999 1609 Μίλητον
1018 1525 1209 1612 ἐπέτρεψας,

200 1637 344 1720 νεώτερα
363 1634 397 1710 ἐς
415 1630 471 1718 ἐμὲ
488 1632 700 1716 πεποιηκέναι
718 1635 904 1718 πράγματα·
926 1634 1051 1719 ἀνδρας
1068 1635 1131 1719 γάρ
1151 1657 1209 1718 μοι

201 1741 237 1807 ἐκ
254 1751 311 1825 τῆς
330 1739 441 1824 ἑτέρης
454 1738 592 1823 ἠπείρου
612 1737 785 1822 ἐπαγαγὼν
801 1736 856 1803 καὶ
866 1737 985 1816 Ἴωνας
998 1741 1062 1803 σὺν
1076 1739 1209 1806 αὐτοῖσι

200 1850 280 1924 τοὺς
301 1847 468 1922 δώσοντας
491 1842 563 1929 ἐμοὶ
583 1846 680 1929 δίκην
697 1857 764 1910 τῶν
783 1845 952 1929 ἐποίησαν,
970 1847 1110 1922 τούτους
1128 1846 1208 1911 ἀνα·

200 1955 332 2038 μνώσας
350 1953 415 2037 άμα
435 1951 588 2017 ἐκείνοισι
609 1951 748 2016 ἕπεσθαι
766 1952 924 2034 Σαρδίων
942 1976 982 2036 με
1000 1950 1207 2037 ἀπεστέρηκε.

200 2069 266 2124 νῦν
289 2055 337 2124 ὧν
359 2069 424 2135 κῶς
445 2081 497 2125 τοι
523 2066 625 2123 ταῦτα
648 2061 801 2141 φαίνεται
823 2060 910 2141 ἐχειν
932 2062 1051 2136 καλῶς;
1081 2069 1147 2134 κῶς
1170 2056 1208 2124 δέ

201 2166 283 2229 ἀνευ
305 2175 371 2230 τῶν
394 2174 464 2228 σῶν
486 2164 721 2248 βουλευμάτων
742 2165 874 2230 τοιοῦτό
897 2186 929 2228 τι
951 2163 1116 2250 ἐπρηχθη;
1145 2165 1208 2246 ὅρα

202 2272 246 2354 μὴ
265 2269 298 2345 ἐξ
316 2269 455 2354 ὑστέρης
472 2270 619 2334 σεωυτὸν
638 2269 675 2334 έν
693 2271 779 2356 αίτίη
798 2272 882 2355 ἐχης.
916 2264 986 2335 είπε
1003 2271 1087 2355 πρὸς
1104 2280 1208 2335 ταῦτα

197 2373 361 2450 Ἱστιαῖος·
381 2379 535 2456 Βασιλεῦ,
553 2386 647 2440 κοῖον
666 2374 831 2459 ἐφθέγξαο
846 2379 936 2455 ἔπος;
958 2372 1013 2461 ἐμὲ
1027 2379 1208 2459 βουλεῦσαι

201 2489 335 2567 πρῆγμα
354 2479 390 2544 ἐκ
406 2487 467 2543 τοῦ
485 2482 542 2543 σοί
557 2502 588 2543 τι
606 2479 626 2563 ἣ
641 2478 723 2563 μέγα
741 2480 761 2564 ἢ
776 2483 916 2566 σμικρὸν
930 2484 1042 2566 ἐμελλε
1056 2485 1207 2569 λυπηρὸν

201 2587 415 2670 ἀνασχήσειν;
438 2589 474 2649 τί
494 2582 525 2650 δ’
551 2583 592 2649 ἀν
611 2585 835 2670 ἐπιδιζήμενος
851 2587 996 2672 ποιέοιμι
1013 2597 1126 2672 ταῦτα,
1149 2598 1207 2654 τεῦ

202 2689 239 2759 δέ
262 2692 376 2775 ἐνδεὴς
399 2691 476 2771 ἐών;
501 2699 546 2780 τῷ
569 2691 657 2776 πάρα
676 2688 736 2776 μὲν
754 2693 860 2758 πάντα
878 2695 940 2758 ὅσα
957 2716 1018 2780 περ
1037 2699 1101 2778 σοί,
1125 2697 1206 2761 πάν-

199 2824 268 2865 των
300 2794 337 2864 δέ
368 2799 451 2883 πρὸς
481 2796 537 2863 σέο
572 2800 807 2883 βουλευμάτων
839 2799 1013 2866 ἐπακούειν
1046 2801 1205 2886 άξιεῦμαι.

200 2903 272 2971 ἀλλ’
299 2911 332 2970 εί
350 2926 411 2990 περ
432 2927 463 2967 τι
481 2912 612 2968 τοιοῦτο
633 2897 706 2970 οἷον
725 2909 767 2971 σὺ
786 2912 917 2991 είρηκας
934 2910 1073 2994 πρήσσει
1091 2907 1109 2972 δ
1130 2909 1206 2993 ἐμὸς

200 3011 389 3096 ἐπίτροπος,
418 3014 490 3074 ίσθι
513 3009 615 3075 αὐτὸν
639 3009 688 3077 ἐπ’
715 3011 841 3078 ἑωυτοῦ
863 3016 1049 3099 βαλόμενον
1071 3037 1205 3099 πεποιη-

200 3116 301 3182 κέναι.
346 3115 451 3199 άρχὴν
483 3110 520 3180 δέ
551 3118 655 3201 ἔγωγε
687 3115 766 3186 οὐδὲ
797 3118 971 3204 ἐνδέκομαι
1001 3123 1061 3187 τὸν
1092 3126 1204 3206 λόγον,

200 3222 285 3297 ὅκως
302 3244 334 3284 τι
347 3223 509 3303 Μιλήσιοι
527 3220 582 3287 καὶ
601 3223 618 3290 ὁ
638 3223 714 3307 ἐμὸς
732 3224 905 3310 ἐπίτροπος
922 3229 1084 3314 νεώτερον
1102 3234 1205 3317 πρησ-

199 3342 298 3391 σουσι
329 3325 404 3412 περὶ
434 3330 608 3413 πράγματα
639 3331 679 3394 τά
710 3330 764 3394 σά·
801 3333 832 3395 εἰ
862 3329 892 3396 δ’
923 3335 987 3418 ἀρα
1015 3357 1047 3399 τι
1072 3347 1205 3408 τοιοῦτο

199 3441 330 3497 ποιεῦσι
353 3429 406 3496 καὶ
431 3435 473 3498 σὺ
495 3435 533 3498 τὸ
557 3435 613 3499 ἐὸν
636 3433 786 3520 ἀκήκοας,
811 3433 836 3503 ὦ
855 3441 1001 3523 βασιλεῦ,
1024 3443 1112 3525 μάθε
1131 3437 1206 3510 οἷον
