2678 3970
438 261 505 318 ΜΒ.
520 263 579 319 vll.
613 264 689 320 οΑΡ,
710 272 866 322 εει-ιιι.
1095 269 1159 334 199

154 404 373 489 προσκυνέειν
391 403 527 490 βασιλέα
544 412 809 492 προσπίπτοντας
828 411 889 476 ούκ
907 414 1035 495 ἔφασαν
1054 412 1159 479 ὠθεό-

154 533 250 594 μενοι
265 513 348 594 πρὸς
366 511 477 578 αὐτῶν
495 511 547 578 ἐπὶ
565 517 713 598 κεφαλήν
731 519 882 598 ποιήσειν
899 527 1002 583 ταῦτα
1015 519 1159 604 οὐδαμά·

155 616 317 702 οὔτεγὰρ
341 622 436 703 σφίσι
459 619 496 684 έν
519 622 611 707 νόμῳ
636 615 721 686 εἶναι
740 623 922 707 ἀνθρωπον
940 624 1158 709 προσκυνέειν

154 722 231 787 οὔτε
262 726 343 789 κατά
373 733 476 790 ταῦτα
505 725 611 808 ήκειν·
643 725 688 803 ὡς
715 723 752 792 δὲ
779 727 1022 813 ἀπεμαχέσαντο
1049 739 1158 813 τοῦτο,

154 829 292 915 δεύτερά
315 846 375 915 σφι
398 829 532 914 λέγουσι
554 833 632 898 τάδε
654 830 709 898 καὶ
731 835 834 916 λύγου
856 835 988 899 τοιοῦδε
1006 834 1158 918 ἐχόμενα·

148 924 188 998 Ὦ
206 937 343 1017 βασιλεῦ
361 929 503 1020 Μήδων,
523 939 671 1022 ἔπεμψαν
689 937 790 1023 ἡμέας
807 940 1067 1023 Λακεδαιμόνιοι
1085 937 1158 1004 ἀντὶ

152 1050 221 1105 τῶν
244 1041 280 1106 ἐν
303 1043 440 1128 Σπάρτη
464 1042 679 1128 ἀπολομένων
702 1046 856 1130 κηρύκων
879 1046 999 1128 ποινήν
1023 1044 1158 1110 ἐκείνων

152 1148 315 1230 τίσοντας,
339 1146 474 1231 λέγουσι
497 1145 534 1213 δὲ
557 1149 687 1214 αύτοίσι
709 1158 810 1215 ταῦτα
833 1148 956 1236 Ξέρξης
977 1149 1042 1214 ὑπὸ
1061 1173 1158 1232 μεγα-

153 1254 366 1338 λοφροσύνης
389 1253 450 1318 οὐκ
473 1256 536 1338 ἐφη
560 1255 674 1339 ὅμοιος
694 1257 831 1320 ἔσεσθαι
848 1257 1157 1339 Λακεδαιμονίοισι·

152 1361 284 1435 κείνους
302 1355 363 1443 μὲν
381 1360 444 1444 γάρ
463 1358 599 1444 συγχέαι
617 1362 657 1426 τά
674 1362 808 1426 πάντων
827 1361 1017 1446 ἀνθρώπων
1035 1364 1158 1446 νόμιμα

153 1463 410 1542 ἀποκτείναντας
440 1467 601 1550 κήρυκας,
634 1466 733 1544 αὐτὸς
765 1463 802 1532 δέ
832 1467 873 1532 τά
904 1467 1059 1532 ἐκείνοισι
1090 1466 1158 1533 ἐπι·

152 1572 291 1654 πλήσσει
318 1579 420 1636 ταῦτα
447 1570 488 1635 ού
512 1572 675 1654 ποιήσειν,
701 1568 779 1640 οὐδὲ
802 1571 1055 1648 ἀνταποκτείνας
1078 1571 1158 1636 ἐκεί-

152 1699 235 1752 νους
262 1675 441 1742 ἀπολύσειν
464 1675 749 1759 Λακεδαιμονίους
775 1684 833 1759 τής
859 1678 972 1760 αίτίης.
1018 1677 1104 1742 οὕτω
1127 1675 1211 1760 ή137

157 1785 351 1865 Ταλθυβίου
374 1790 471 1865 μήνις
492 1777 547 1844 καὶ
569 1789 671 1845 ταῦτα
693 1781 904 1863 ποιησάντων
922 1781 1157 1866 Σπαρτιητέων

155 1887 319 1952 ἐπαύσατο
348 1888 386 1952 τὸ
419 1889 617 1970 παραυτίκα,
646 1888 762 1971 καίπερ
794 1886 1093 1970 ἀπονοστησάντων
1125 1888 1159 1965 ἐς

154 1993 313 2078 Σπάρτην
340 1992 517 2076 Σπερθίεώ
544 2015 580 2056 τε
606 1989 661 2055 καὶ
687 1993 838 2069 Βούλιος.
884 1994 993 2079 χρόνῳ
1022 1989 1058 2058 δὲ
1085 1999 1155 2078 μετ-

155 2098 265 2163 έπειτα
287 2101 397 2184 πολλῷ
422 2094 589 2182 ἐπηγέρθη
612 2096 695 2160 κατά
716 2097 775 2162 τὸν
798 2100 1081 2180 Πελοποννησίων
1102 2096 1157 2163 καὶ

152 2201 341 2284 Ἀθηναίων
363 2204 518 2286 πόλεμον,
541 2202 586 2278 ὡς
606 2201 740 2286 λέγουσι
758 2203 1024 2286 Λακεδαιμόνιοι.
1059 2208 1158 2270 τοῦτό

155 2330 213 2391 μοι
244 2306 281 2372 ἐν
312 2317 398 2372 τοῖσι
423 2309 599 2374 θειότατον
629 2309 781 2391 φαίνεται
807 2306 974 2391 γενέσθαι.
1019 2309 1069 2375 ὅτι
1097 2307 1157 2395 μὲν

155 2413 219 2497 γὰρ
245 2411 427 2495 κατέσκηψε
455 2412 488 2488 ἐς
510 2412 670 2495 ἀγγέλους
695 2411 716 2496 ή
744 2415 937 2497 Ταλθυβίου
959 2423 1056 2498 μῆνις
1078 2412 1158 2481 ούδέ

155 2518 320 2584 ἐπαύσατο
342 2516 422 2604 πρὶν
444 2517 465 2602 ή
488 2517 621 2601 ἐξῆλθε,
649 2519 686 2583 τὸ
715 2519 846 2584 δίκαιον
868 2519 955 2584 οὕτω
979 2523 1088 2604 ἔφερε·
1119 2522 1157 2585 τὸ

157 2621 194 2689 δὲ
216 2634 396 2708 συμπεσεῖν
418 2623 452 2701 ἐς
473 2626 552 2700 τοὺς
573 2626 692 2700 παῖδας
709 2635 777 2689 τῶν
795 2624 928 2710 ἀνδρῶν
946 2625 1074 2689 τούτων
1091 2636 1158 2690 τῶν

156 2730 352 2814 ἀναβάντων
380 2731 463 2815 πρὸς
490 2729 625 2812 βασιλέα
648 2730 704 2794 διά
725 2730 786 2813 τήν
809 2738 924 2813 μῆνιν,
952 2728 986 2804 ές
1008 2731 1158 2794 Νικόλαν

159 2860 190 2901 τε
219 2836 278 2902 τὸν
301 2837 444 2911 Βούλιος
469 2833 524 2900 καί
547 2835 581 2910 ἐς
600 2833 793 2920 Ἀνήριστον
819 2836 878 2899 τὸν
901 2836 1092 2916 Σπερθίεω,
1122 2833 1159 2910 ὃς

157 2935 223 3007 εἷλε
249 2937 377 3018 Ἀλιέας
411 2942 490 3016 τοὺς
522 2940 558 3006 ἐκ
592 2943 760 3025 Τίρυνθος
798 2938 913 3004 ὁλκάδι
943 2938 1158 3014 καταπλώσας

155 3049 275 3133 πλήρει·
302 3047 452 3132 ἀνδρῶν,
480 3047 583 3129 δήλου
611 3041 658 3110 ὧν
688 3068 745 3128 μοι
772 3045 822 3110 ὅτι
849 3049 946 3108 θείου
969 3041 1097 3125 ἐγένετο
1120 3046 1158 3110 τὸ

156 3163 289 3238 πρῆγμα
313 3153 363 3234 [ἐκ
384 3161 441 3237 τῆς
464 3154 609 3236 μήνιος]·
633 3153 669 3215 οἳ
686 3148 895 3234 πεμφθέντες
914 3147 978 3213 ὑπὸ
997 3151 1159 3215 Λακεδαι-

157 3263 284 3344 μονίων
315 3260 449 3342 ἀγγελοι
481 3258 514 3333 ές
539 3258 600 3340 τήν
625 3252 752 3337 Ἀσίην,
780 3253 1003 3340 προδοθέντες
1030 3250 1067 3321 δὲ
1093 3256 1159 3322 ὑπὸ

158 3365 325 3430 Σιτάλκεω
352 3373 414 3429 τοῦ
440 3365 552 3448 Τήρεω
580 3364 734 3446 Θρηίκων
760 3358 913 3444 βασιλέος
939 3357 994 3425 καλ
1017 3363 1159 3446 Νυμφο-

158 3469 270 3551 δώρου
295 3478 356 3534 τοῦ
379 3468 505 3534 Πυθέω
533 3467 655 3550 ἀνδρὸς
679 3463 891 3552 Ἀβδηρίτεω,
918 3467 1051 3552 ήλωσαν
1078 3469 1159 3532 κατά
