2572 3980
211 269 255 334 22
624 268 813 326 HERODOTI

210 424 346 499 ποιῆσαι
363 412 497 500 Δωριέα
519 438 554 480 τε
576 413 631 480 καλ
653 417 731 491 τοὺς
753 411 821 499 μετ’
849 413 962 496 αὐτοῦ,
986 414 1216 497 Κροτωνιῆται

212 518 249 586 δὲ
268 519 390 587 οὐδένα
408 525 504 606 σφίσι
522 520 605 605 φασὶ
619 522 728 602 ξεῖνον
742 517 1047 605 προσεπιλαβέσθαι
1060 526 1121 582 τοῦ
1134 519 1218 601 πρὸς

211 630 401 711 Συβαρίτας
422 626 569 712 πολέμου
588 630 619 693 εί
635 629 678 712 μη
697 629 847 710 Καλλίην
864 636 931 690 τῶν
945 619 1118 708 Ἰαμιδέων
1137 624 1218 707 μάν-

211 752 264 796 τιυ
283 729 415 798 Ἠλεῖον
437 741 575 818 μοῦνον,
608 731 663 799 καλ
685 741 805 798 τοῦτον
826 733 937 818 τρόπῳ
966 730 1098 816 τοιῷδε·
1129 729 1218 811 παρὰ

215 839 343 918 Τήλυος
355 847 416 903 τοῦ
426 836 643 922 Συβαριτέων
656 838 824 920 τυράννου
838 836 1027 922 ἀποδράντα
1040 832 1218 900 ἀπικέσθαι

211 945 299 1028 παρὰ
327 941 444 1028 σφέας,
473 943 578 1009 ἐπείτε
605 944 641 1008 οί
663 944 703 1008 τά
731 943 786 1027 ίρδι
812 941 853 1008 οὐ
880 932 1065 1026 προεχώρεε
1092 940 1218 1024 χρηστά

158 1065 192 1114 45
210 1047 368 1136 θυομένῳ
401 1047 453 1114 ἐπὶ
481 1051 650 1133 Κρότωνα.
689 1055 792 1112 ταῦτα
821 1044 851 1111 δ’
883 1042 926 1112 αὖ
956 1041 1049 1112 οὗτοι
1072 1043 1213 1126 λέγουσι.

211 1153 375 1238 μαρτάρια
394 1149 431 1218 δὲ
448 1155 577 1218 τούτων
596 1152 743 1237 ἑκάτεροι
761 1152 1018 1218 ἀποδεικνύουσι
1035 1151 1124 1232 τάδε,
1148 1154 1217 1215 Σο-

211 1261 342 1344 βαρῑται
360 1256 421 1344 μέν
438 1257 573 1344 τέμενός
590 1282 625 1324 τε
642 1256 697 1324 καλ
715 1260 800 1342 νηὸν
818 1258 914 1324 ἐόντα
932 1259 1020 1342 παρὰ
1037 1258 1097 1322 τὸν
1115 1255 1217 1341 ξηρὸν

210 1368 356 1450 Κρᾶθιν,
378 1366 438 1430 τὸν
457 1365 659 1452 ἱδρύσασθαι
678 1367 861 1430 συνελόντα
882 1364 943 1447 την
965 1365 1064 1428 πόλιν
1081 1361 1217 1447 Δωριέα

210 1469 346 1554 λέγουσι
365 1467 526 1556 Ἀθηναίῃ
550 1471 712 1559 ἐπωνύμῳ
735 1471 887 1554 Κραθίη,
919 1477 1018 1534 τοῦτο
1045 1464 1082 1532 δέ
1110 1467 1216 1532 αὐτοῦ

210 1575 361 1662 Δωριέος
382 1577 443 1641 τὸν
469 1577 619 1642 θάνατον
647 1577 829 1662 μαρτύριον
857 1561 1012 1658 μέγιστον
1034 1581 1216 1656 ποιεῦνται,

211 1681 261 1748 ὅτι
280 1683 367 1766 παρὰ
384 1683 424 1747 τὰ
442 1680 689 1768 μεμαντευμένα
707 1680 829 1747 ποιέων
844 1679 1027 1764 διεφθάρη·
1051 1681 1082 1744 εί
1092 1679 1158 1762 γὰρ
1173 1681 1215 1762 δὴ

210 1789 255 1872 μη
277 1785 462 1874 παρέπρηξε
485 1786 601 1872 μηδέν,
625 1786 674 1854 ἐπ’
702 1787 720 1852 ὃ
744 1783 781 1852 δὲ
805 1786 923 1869 έστάλη
947 1785 1064 1868 έποίεε,
1089 1775 1155 1849 εἷλε
1174 1783 1216 1850 ἀν

209 1896 271 1978 την
286 1891 462 1978 Ἐρυκίνην
484 1895 595 1978 χώρην
614 1891 667 1959 καὶ
688 1891 772 1958 ἑλὼν
790 1891 935 1976 κατέσχε,
959 1886 1034 1956 οὐδ’
1056 1889 1097 1955 ἀν
1117 1891 1217 1969 αὐτός

208 1998 317 2066 τεκαὶ
335 1999 355 2083 ἡ
375 2001 510 2085 στρατιὴ
531 2000 708 2084 διεφθάρη.
732 1997 767 2062 οί
779 1991 810 2061 δ’
833 1991 876 2062 αὖ
889 1999 1118 2080 Κροτωνιῆται
1136 1997 1216 2063 ἀπο-

211 2107 360 2172 δεικνῦσι
379 2108 506 2191 Καλλίη
526 2102 587 2188 μέν
609 2113 654 2190 τῷ
671 2102 789 2190 Ἠλείῳ
808 2101 954 2186 ἐξαίρετα
969 2102 1005 2168 έν
1019 2110 1061 2186 γῇ
1075 2111 1114 2187 τῇ
1128 2106 1216 2189 Κρο·

106 2224 110 2230 “
210 2212 380 2293 τωνιητιδι
401 2211 506 2275 πολλά
529 2206 688 2289 δοθέντα,
715 2209 756 2271 τὰ
778 2203 832 2271 καλ
855 2206 888 2283 ές
910 2204 966 2292 ἐμὲ
989 2209 1036 2272 ἔτι
1058 2206 1215 2291 ἐνέμοντο

211 2316 247 2380 οί
270 2318 421 2380 Καλλίεω
448 2316 623 2397 ἀπόγονοι,
651 2311 779 2398 Δωριέι·
805 2309 842 2378 δέ
869 2311 925 2378 καλ
951 2323 1038 2378 τοῖσι
1065 2315 1217 2398 Δωριέος

209 2421 403 2503 ἀπογόνοισι
426 2417 536 2483 οὐδέν.
559 2421 666 2483 καίτοι
689 2419 721 2484 εί
747 2418 985 2501 συνεπελάβετό
1003 2441 1040 2500 γε
1063 2429 1125 2485 τοῦ
1148 2427 1217 2488 Συ-

209 2530 379 2610 βαριτικοῦ
393 2521 538 2606 πολέμου
547 2524 710 2608 Δωριεύς,
725 2524 869 2606 δοθῆναι
883 2524 924 2587 ἀν
939 2523 974 2588 οί
984 2527 1217 2608 πολλαπλήσια

208 2631 389 2716 ἣΚαλλίη.
430 2636 531 2693 ταῦτα
558 2627 619 2712 μέν
646 2654 710 2695 νυν
738 2628 884 2713 ἑκάτεροι
911 2627 1026 2694 αὐτῶν
1051 2631 1218 2716 μαρτύρια

209 2737 466 2822 ἀποφαίνονται·
490 2731 545 2798 καλ
563 2734 709 2818 πάρεστι,
728 2733 915 2820 ὁκοτέροισί
925 2756 974 2810 τις
988 2737 1138 2800 πείθεται
1158 2737 1218 2802 αὐ-

155 2859 189 2910 46
210 2856 289 2927 τῶν,
312 2831 713 2926 τούτοισιπροσχωρέειν.
747 2839 928 2905 συνέπλεον
952 2836 989 2904 δέ
1012 2839 1140 2925 Δωριέι·
1160 2843 1218 2908 καλ

207 2951 303 3015 ἀλλοι
325 2950 515 3030 συγκτίσται
538 2945 787 3033 Σπαρτιητέων,
816 2947 982 3022 Θεσσαλὸς
1008 2945 1063 3011 καλ
1087 2951 1217 3033 Παραι-

208 3055 308 3138 βάτης
330 3051 385 3117 καὶ
407 3051 531 3136 Κελέης
558 3051 613 3119 καὶ
635 3049 830 3137 Εὐρυλέων,
863 3055 899 3115 οἳ
923 3052 1028 3118 ἐπείτε
1054 3051 1216 3122 ἀπίκοντο

208 3155 307 3224 παντλ
336 3160 440 3246 στόλῳ
469 3160 502 3236 ές
524 3161 585 3242 την
608 3160 780 3240 Σικελίην,
808 3155 978 3223 ἀπέθανον
1001 3159 1087 3244 μάχη
1112 3158 1217 3228 ἑσσω-

207 3261 324 3340 θέντες
337 3262 403 3329 ὑπό
413 3287 447 3331 τε
459 3268 627 3331 Φοινίκων
636 3261 691 3328 καὶ
699 3259 906 3344 Ἐγεσταίων·
920 3271 1045 3346 μοῦνος
1054 3262 1092 3329 δὲ
1103 3267 1216 3352 Εὐρυ-

207 3367 293 3435 λέων
310 3380 377 3436 των
397 3369 617 3455 συγκτιστέων
635 3366 839 3451 περιεγένετο
857 3369 979 3435 τούτου
998 3377 1059 3434 τοῦ
1076 3372 1215 3452 πάθεος.
1279 3437 1280 3442 ,

209 3478 385 3561 συλλαβὼν
408 3475 445 3542 δέ
468 3471 566 3552 οὗτος
588 3483 645 3558 τῆς
668 3483 819 3558 στρατιῆς
841 3478 919 3553 τοὺς
936 3477 1216 3562 περιγενομένους
