2678 3968
205 292 270 357 310
619 287 804 346 HERODOTI

205 435 339 502 ἑωυτόν.
389 433 407 502 6
439 433 491 519 δέ,
522 434 626 501 ἐπείτε
657 434 718 499 οὐκ
749 432 886 499 ἐπαύετο
916 431 1022 515 λέγων
1055 441 1158 497 ταῦτα
1190 432 1208 498 6

209 543 407 626 Τιμόδημος,
426 536 511 607 είπε·
531 541 627 606 Ούτω
645 543 712 624 ἐχει
728 559 796 605 τοι·
817 534 887 604 οὔτ’
908 537 950 603 διν
969 538 1033 622 ἐγὼ
1051 537 1114 604 ἐὼν
1129 543 1208 604 Βελ-

205 650 332 732 βινίτης
350 647 512 733 ἐτιμήθην
531 648 617 713 ούτω
636 648 718 731 πρὸς
736 643 982 731 Σπαρτιητέων,
1002 641 1072 710 οὔτ’
1095 644 1136 709 ἂν
1155 646 1209 728 σύ,

206 753 383 840 ὤνθρωπε,
407 754 471 820 ἐὼν
491 748 676 838 Ἀθηναῖος.

155 878 204 929 126
298 864 407 926 Ταῦτα
431 859 491 945 μέν
509 883 573 925 νυν
592 859 626 936 ἐς
643 867 781 924 τοσοῦτο
800 856 940 941 ἐγένετο,
959 853 1154 942 Ἀρτάβαζος
1172 855 1209 922 δὲ

206 965 224 1032 6
251 968 457 1052 Φαρνάκεος,
485 965 569 1051 ἀνὴρ
597 965 634 1031 ἐν
662 963 811 1050 Πέρσησι
838 965 973 1048 λόγιμος
999 963 1054 1028 καὶ
1080 966 1209 1048 πρόσθε

207 1072 281 1156 ἐών,
306 1072 341 1138 ἐκ
365 1070 402 1138 δέ
424 1083 491 1137 τῶν
510 1077 721 1136 Πλαταιικῶν
739 1067 793 1135 καὶ
812 1074 937 1154 μᾶλλον
954 1071 1002 1135 ἐτι
1020 1073 1209 1154 γενόμενος,

207 1181 292 1263 ἔχων
318 1176 352 1256 ἓξ
379 1179 542 1263 μυριάδας
570 1185 711 1263 στρατοῦ
733 1185 794 1241 τοῦ
816 1177 1012 1261 Μαρδόνιος
1034 1175 1209 1260 ἐξελέξατο,
1319 1197 1320 1228 ι

206 1283 393 1368 προέπεμπε
415 1283 552 1366 βασιλέα
575 1281 669 1368 μέχρι
691 1291 752 1347 τοῦ
773 1284 888 1366 πόρου.
924 1282 969 1359 ὡς
992 1278 1029 1347 δέ
1051 1281 1069 1348 6
1088 1281 1149 1367 μὲν
1167 1279 1211 1367 ἦν

207 1389 244 1455 ἐν
266 1399 305 1475 τῇ
324 1387 431 1475 Ἀσίη,
456 1388 474 1455 6
499 1386 535 1454 δέ
558 1389 663 1454 ὀπίσω
685 1390 909 1473 πορευόμενος
930 1389 1013 1453 κατὰ
1035 1390 1096 1472 τὴν
1119 1393 1211 1456 Παλ-

207 1499 313 1580 λήνην
340 1495 480 1579 ἐγίνετο,
508 1496 564 1560 άτε
587 1495 787 1579 Μαρδονίου
809 1517 844 1559 τε
871 1497 1109 1580 χειμερίζοντος
1134 1496 1211 1581 περὶ

208 1605 394 1685 Θεσσαλίην
416 1624 451 1667 τε
477 1600 533 1666 καὶ
555 1602 773 1684 Μακεδονίην
794 1599 849 1665 καὶ
873 1597 973 1666 οὐδέν
995 1624 1042 1665 κω
1065 1607 1212 1668 κατεπεί-

207 1731 325 1792 γοντος
351 1709 443 1792 ἥκειν
471 1707 505 1784 ἐς
531 1709 568 1772 τὸ
596 1708 676 1772 άλλο
705 1707 942 1791 στρατόπεδον,
973 1707 1035 1772 οὐκ
1063 1708 1211 1774 ἐδικαίου
1319 1709 1320 1722 ’

208 1815 354 1899 ἐντυχὼν
381 1813 561 1879 ἀπεστεῶσι
585 1814 823 1897 Ποτιδαιητησι
850 1814 894 1897 μη
922 1812 983 1879 οὐκ
1010 1813 1212 1900 ἐξανδραπο-

209 1922 372 1986 δίσασθαί
401 1937 512 2005 σφεας.
558 1920 593 1986 oc
621 1921 683 2004 γάρ
716 1920 949 2003 Ποτιδαιῆται,
982 1920 1026 1997 ὡς
1057 1925 1213 2005 βασιλεὺς

208 2025 462 2112 παρεξεληλάκεε
489 2025 544 2092 καὶ
571 2025 589 2092 6
617 2027 771 2103 ναυτικὸς
796 2035 883 2091 τοῖσι
905 2024 1055 2112 Πέρσησι
1078 2029 1211 2112 οἰχώκεε

209 2134 344 2216 φεύγων
367 2134 402 2199 ἐκ
424 2142 482 2218 της
500 2137 702 2217 Σαλαμῖνος,
725 2132 762 2197 ἐκ
778 2141 839 2196 τοῦ
857 2141 1006 2218 φανεροῦ
1025 2133 1214 2200 ἀπέστασαν

210 2238 272 2304 άπὸ
300 2249 367 2303 τῶν
390 2240 581 2324 βαρβάρων·
609 2238 654 2315 ὣς
677 2237 713 2303 δέ
735 2235 791 2302 καὶ
815 2238 849 2303 οί
869 2239 964 2303 άλλοι
987 2239 1022 2303 oc
1040 2240 1102 2322 τὴν
1120 2246 1214 2306 Παλ-

158 2361 207 2411 12⁷
218 2347 323 2427 ληνην
342 2347 479 2428 ἔχοντες.
511 2343 657 2408 ἐνθαῦτα
676 2345 717 2428 δη
733 2341 927 2428 Ἀρτάβαζος
945 2343 1132 2430 ἐπολιόρκεε
1149 2349 1213 2431 την

209 2449 402 2514 Ποτίδαιαν.
434 2449 642 2525 ὑποπτεύσας
660 2445 696 2513 δέ
714 2447 769 2513 καὶ
782 2453 860 2526 τοὺς
870 2444 1065 2527 Ὀλυνθίους
1078 2450 1214 2518 άπίστα·

209 2561 291 2621 σθαι
320 2555 383 2620 άπὸ
411 2554 577 2638 βασιλέος,
605 2552 660 2619 καὶ
687 2557 810 2639 ταύτην
833 2555 1032 2641 ἐπολιόρκεε·
1060 2552 1151 2641 είχου
1175 2555 1215 2624 δὲ

209 2663 313 2746 αὐτὴν
340 2665 507 2727 Βοττιαῖοι
540 2661 575 2726 oc
604 2660 640 2726 έκ
666 2670 726 2726 τοῦ
754 2665 919 2747 Θερμαίου
945 2665 1071 2728 κόλπου
1099 2663 1215 2742 ἐξαυα-

209 2769 344 2846 στάυτες
365 2768 430 2833 ὑπὸ
453 2768 671 2833 Μακεδόνων.
713 2765 782 2832 ἐπεί
805 2766 845 2833 δέ
865 2784 968 2852 σφεας
990 2760 1056 2834 εἷλε
1078 2775 1215 2855 πολιορ-

208 2875 309 2957 κέων,
337 2872 517 2959 κατέσφαξε
545 2872 712 2957 έξαγαγὼν
741 2873 774 2949 ἐς
800 2877 936 2958 λίμνην,
963 2875 1025 2958 τὴν
1052 2872 1089 2942 δὲ
1113 2880 1216 2942 πόλιν

208 2982 391 3068 παραδιδοῖ
405 2981 621 3068 Κριτοβούλῳ
645 2982 822 3066 Τορωναίῳ
846 2980 1071 3063 ἐπιτροπεύειν
1093 2981 1215 3071 καὶτῷ

210 3089 396 3175 Χαλκιδικῷ
419 3085 519 3169 γένει’,
542 3084 597 3150 καί
620 3085 706 3150 οὕτω
720 3083 890 3151 ’Όλυνθον
908 3085 1087 3164 Χαλκιδέες
1105 3090 1215 3173 ἐσχον.

159 3210 208 3260 128
219 3192 338 3272 ἐξελὼν
367 3190 403 3257 δὲ
430 3193 554 3275 ταύτην
582 3186 812 3275 δἈρτάβαζος
835 3201 874 3276 τῇ
898 3195 1061 3279 Ποτιδαίῃ
1085 3193 1217 3260 ἐντετα-

209 3297 316 3381 μένως
334 3309 496 3383 προσεῖχε,
515 3296 711 3383 προσέχοντι
726 3296 766 3362 δέ
778 3299 813 3363 οί
823 3301 1005 3384 προθύμως
1019 3304 1217 3366 συντίθεται

209 3402 394 3485 προδοσίην
430 3401 620 3486 Τιμόξεινος
652 3403 670 3468 6
697 3415 764 3467 τῶν
791 3408 990 3470 Σκιωναίων
1021 3411 1216 3491 στρατηγός,
1293 3420 1302 3434 ”

211 3505 326 3569 ὅντινα
353 3502 413 3588 μὲν
435 3510 560 3589 τρόπον
583 3507 702 3592 ἀρχήν,
730 3510 832 3592 ἐγωγε
855 3509 915 3575 οὐκ
938 3513 1000 3594 ἔχω
1030 3513 1134 3576 εἰπεῖν
1158 3512 1218 3596 (οὐ
