2572 3980
389 250 504 308 τιατ.
542 251 618 307 οεε.
638 259 760 310 ει-ιι.
891 225 894 232 ’
1034 257 1078 324 35

71 414 152 481 μασι
170 407 238 462 τῶν
256 394 389 480 φυλέων
409 395 569 481 ἐχρέωντο
588 397 624 462 οί
638 398 820 464 Σικυώνιοι
838 395 892 464 καί
911 397 963 465 ἐπὶ
981 404 1078 468 Κλει·

71 501 213 578 σθένεος
240 504 399 586 ἄρχοντος
421 501 475 568 καὶ
499 501 628 568 ἐκείνου
650 509 832 579 τεθνεῶτος
859 507 905 568 ἔτι
929 503 978 570 ἐπ’
1005 510 1077 572 ἔτεα

71 607 243 690 ἑξήκοντα·
276 606 444 691 μετέπειτα
471 608 585 691 μέντοι
611 610 712 690 λόγον
740 611 835 690 σφίσι
863 610 977 687 δόντες
1004 636 1076 696 μετ-

71 713 193 796 έβαλον
226 713 259 791 ές
289 715 367 790 τοὺς
395 710 524 790 Ὑλλέας
554 711 608 779 καί
641 713 847 797 Παμφύλους
878 712 932 779 καλ
961 721 1075 801 Δυμα-

71 819 183 901 νάτας,
202 819 377 906 τετάρτους
396 815 433 884 δὲ
452 818 580 884 αὐτοῖσι
595 817 798 902 προσέθεντο
817 817 869 884 ἐπὶ
887 829 947 884 τοῦ
962 817 1076 906 Ἀδρή-

69 943 151 990 στου
165 925 284 1000 παιδὸς
293 921 468 1005 Αἰγιαλέος
481 925 542 1007 τήν
556 924 746 1008 ἐπωνυμίην
760 925 950 1008 ποιεύμενοι
963 933 1075 1010 κεκλή-

68 1037 152 1094 σθαι
175 1027 361 1111 Αίγιαλέας.

162 1139 272 1200 Ταῦτα
295 1133 356 1218 μέν
378 1158 442 1199 νυν
460 1133 479 1200 δ
499 1136 685 1212 Σικυώνιος
702 1134 908 1220 Κλεισθένης
926 1135 1073 1222 έπεποιή·
1093 1155 1126 1206 69

67 1264 136 1323 κεε,
165 1241 183 1305 ὁ
208 1239 245 1306 δὲ
268 1242 309 1324 δή
330 1239 506 1324 Ἀθηναῖος
528 1239 748 1324 Κλεισθένης,
777 1242 841 1306 έὼν
862 1251 922 1307 τοῦ
945 1246 1073 1310 Σικυω-

66 1350 145 1412 νίου
178 1347 299 1412 τούτου
325 1345 547 1429 θυγατριδέος
572 1344 627 1410 καὶ
654 1348 691 1412 τὸ
720 1346 847 1430 οάνομα
874 1345 927 1412 ἐπὶ
953 1350 1073 1415 τούτου

67 1457 164 1538 ἔχων,
190 1452 317 1518 δοκέειν
341 1451 413 1536 ἐμοὶ
435 1451 489 1516 καὶ
508 1447 605 1528 οὗτος
622 1451 789 1535 ὑπεριδὼν
803 1451 931 1535 Ἰωυας,
955 1454 1010 1519 ἵνα
1029 1456 1072 1538 μή

67 1561 164 1642 σφίσι
193 1558 230 1622 αλ
255 1555 362 1623 αὐταί
379 1560 457 1622 ἔωσι
480 1555 583 1642 φυλαὶ
606 1556 660 1622 καὶ
678 1557 785 1639 Ἰωσι,
813 1559 872 1622 τὸν
894 1558 1073 1644 ὁμώνυμον

67 1663 276 1729 Κλεισθένεα
308 1662 495 1748 ἐμιμήσατο.
541 1663 585 1740 ὡς
616 1665 679 1746 γὰρ
716 1664 757 1746 δή
793 1664 852 1728 τὸν
885 1661 1072 1748 Ἀθηναίων

67 1772 175 1854 δῆμον
211 1773 372 1854 πρότερον
408 1767 603 1853 ἀπωσμένον
633 1771 705 1833 τότε
735 1769 867 1834 πάντων
899 1773 981 1855 πρὸς
1011 1773 1072 1854 τήν

66 1875 194 1942 ἑωυτοῦ
221 1887 342 1961 μοῖραν
369 1877 613 1960 προσεθήκατο,
645 1876 702 1950 τάς
729 1876 836 1958 φυλὰς
862 1879 1071 1961 μετωνόμασε

65 1981 121 2046 καί
150 1981 282 2064 ἐποίησε
308 1987 452 2057 πλεῦνας
479 1979 512 2058 ἐξ
541 1980 738 2045 ἐλασσόνων.
783 1977 862 2046 δέκα
883 2004 918 2048 τε
942 1983 982 2064 δή
1007 2006 1071 2066 φν·

64 2090 210 2175 λάρχους
245 2085 318 2152 ἀντὶ
355 2085 518 2170 τεσσέρων
550 2085 697 2167 ἐποίησε,
730 2085 808 2150 δέκα
841 2082 878 2150 δὲ
908 2085 962 2150 καὶ
994 2090 1072 2164 τοὺς

65 2197 194 2278 δήμους
229 2191 384 2276 κατένεμε
417 2192 450 2270 ἐς
481 2194 538 2268 τὰς
571 2191 687 2276 φυλάς.
734 2186 777 2272 ήν
808 2214 843 2256 τε
873 2193 932 2256 τὸν
964 2194 1071 2278 δῆμον

64 2299 296 2384 προσθέμενος
326 2303 437 2384 πολλῷ
469 2300 655 2385 κατύπερθε
686 2307 752 2362 τῶν
780 2296 1070 2366 ἀντιστασιωτέων.

66 2408 172 2493 ἐντῷ
200 2405 293 2489 μέρεϊ
320 2401 357 2470 δέ
385 2401 583 2487 ἑσσούμενος
611 2402 629 2468 ὁ
658 2403 825 2486 Ἰσαγόρης
847 2404 1071 2490 ἀντιτεχνᾶται
1090 2422 1124 2470 70

65 2513 158 2576 τάδε·
182 2508 382 2576 ἐπικαλέεται
400 2509 587 2592 Κλεομένεα
605 2511 663 2575 τὸν
682 2509 956 2592 Λακεδαιμόνιον,
977 2514 1070 2593 γενό-

65 2641 169 2702 μενον
193 2616 304 2700 ἑωυτῷ
328 2613 437 2692 ξεῖνον
460 2615 522 2679 ἀπὸ
546 2623 602 2698 τής
620 2614 920 2699 Πεισιστρατιδέων
937 2620 1070 2698 πολιορ-

64 2728 146 2805 κίης.
192 2724 250 2788 τὸν
278 2718 315 2785 δὲ
342 2721 528 2803 Κλεομένεα
556 2715 621 2803 εἶχε
649 2721 734 2802 αίτίη
758 2728 878 2802 φοιτᾶν
900 2721 987 2800 παρὰ
1009 2728 1069 2783 τοῦ

61 2830 238 2912 Ἰσαγόρεω
266 2827 325 2909 τήν
355 2836 503 2908 γυναῖκα.
549 2827 588 2891 τὰ
610 2821 669 2909 μέν
693 2827 734 2908 δή
757 2835 869 2907 πρῶτα
891 2823 1026 2907 πέμπων
1050 2823 1068 2887 ὁ

63 2932 256 3017 Κλεομένης
275 2933 307 3009 ές
325 2933 382 3008 τὰς
397 2929 538 3015 Ἀθήνας
556 2932 681 3013 κήρυκα
703 2929 851 3012 ἐξέβαλλε
866 2927 1069 2993 Κλεισθένεα

62 3041 117 3107 καὶ
143 3036 212 3123 μετ’
239 3039 342 3103 αὐτοῦ
365 3039 485 3113 ἀλλους
507 3038 650 3112 πολλοὺς
670 3032 873 3125 Ἀθηναίων,
897 3035 974 3108 τοὺς
996 3032 1069 3098 ένα-

61 3148 142 3231 γέας
176 3143 344 3227 ἐπιλέγων.
393 3152 495 3208 ταῦτα
525 3137 562 3206 δὲ
591 3139 729 3223 πέμπων
756 3142 844 3220 ἔλεγε
872 3137 907 3202 έκ
934 3138 1069 3222 διδαχῆς

61 3261 125 3318 τοῦ
145 3248 334 3333 Ἰσαγόρεω·
358 3249 393 3312 οί
413 3243 554 3330 μὲνγὰρ
575 3243 808 3328 Ἀλκμεωνίδαι
826 3241 880 3308 καὶ
900 3243 935 3308 οί
950 3260 1067 3308 συστα-

62 3369 182 3424 σιῶται
210 3355 320 3418 αὐτῶν
347 3347 436 3437 εἶχον
465 3353 573 3434 αίτίην
598 3358 657 3414 τοῦ
681 3353 789 3432 (μόνον
812 3350 947 3431 τούτου,
971 3357 1068 3426 αὐτος

63 3461 101 3530 δὲ
135 3461 178 3528 οὐ
210 3469 333 3544 μετεῖχε
366 3455 438 3524 οὐδ’
475 3457 509 3522 οί
538 3459 631 3540 φίλοι
661 3455 771 3520 αὐτοῦ.
818 3455 852 3519 οί
877 3452 907 3518 δ’
939 3453 1068 3538 ἐναγέες
1087 3470 1116 3519 71

820 3557 857 3608 3*
