2572 3980
216 287 258 352 ις
625 281 812 339 αεεοσουι

212 425 250 495 δὲ
263 425 443 506 ὁἾστιαῑος
460 427 566 494 ἐποίεε
584 426 763 512 συμφορήν
780 429 976 511 ποιεύμενος
994 427 1140 512 μεγάλην
1152 428 1214 512 τήν

213 533 338 601 ἑωυτοῦ
355 534 496 618 κατοχὴν
514 533 575 617 τήν
592 531 630 599 ἐν
647 532 823 598 Σούσοισι·
846 532 1045 610 ἀποστάσιος
1058 529 1106 598 ών
1122 555 1212 616 γινο-

212 637 313 724 μένης
334 640 456 716 πολλὰς
478 633 544 724 εἶχε
566 637 700 715 ἐλπίδας
722 640 924 722 μετήσεσθαι
947 637 999 706 ἐπὶ
1025 639 1212 720 θάλασσαν,

212 746 256 830 μή
279 741 315 811 δέ
339 745 499 829 νεώτερόν
520 766 553 808 τι
578 745 735 827 ποιεύσης
761 751 818 828 της
844 747 999 829 Μιλήτου
1026 743 1158 830 ου’δαμθ
1180 744 1213 822 ἐς

212 851 316 934 αύτήν
337 849 427 935 ήξειν
450 852 497 916 ἐτι
520 847 689 932 ἐλογίζετο.

156 982 193 1032 ες
297 952 449 1033 Ἱστιαῖος
476 953 536 1039 μέν
565 978 630 1020 ννν
656 962 758 1020 ταῦτα
786 955 1021 1041 διανοεύμενος
1048 953 1213 1042 ἀπέπεμπε

211 1063 270 1128 τὸν
288 1062 439 1145 ἄγγελον,
454 1055 668 1145 Ἀρισταγόρῃ
687 1055 724 1126 δέ
742 1057 918 1126 συνέπιπτε
937 1069 998 1126 τοῦ
1016 1061 1121 1128 αὐτοῦ
1139 1065 1214 1148 χρό-

211 1190 274 1232 νου
291 1166 397 1232 πάντα
415 1173 516 1230 ταῦτα
534 1167 750 1230 συνελθόντα
774 1163 967 1248 ἐβουλεύετο
986 1161 1034 1248 ὧν
1052 1169 1214 1252 μετὰτῶν

212 1270 433 1352 στασιωτέων,
460 1268 604 1354 ἐκφήνας
630 1271 690 1353 τήν
717 1291 752 1334 τε
779 1267 905 1335 έωντού
931 1270 1067 1354 γνώμην
1097 1269 1153 1337 καὶ
1175 1275 1214 1338 τά

211 1379 299 1464 παρὰ
320 1372 549 1443 τούἹστιαιόυ
572 1371 743 1460 ἀπιγμένα.
771 1373 807 1440 σί
826 1371 887 1459 μέν
911 1376 952 1460 όή
975 1377 1070 1444 ἄλλοι
1093 1379 1215 1456 πάντες

211 1485 348 1568 γνώμην
373 1482 454 1547 κατὰ
484 1479 590 1546 τώυτὸ
616 1478 828 1566 ἐξεφέροντο,
860 1481 1052 1560 κελεύοντες
1079 1483 1215 1550 ἀπίστα-

210 1595 304 1672 σθαι,
318 1585 486 1664 Ἑκαταῖος
505 1583 535 1652 θ’
556 1586 575 1652 ό
594 1588 769 1671 λογοποιὸς
785 1597 899 1672 πρῶτα
916 1584 978 1672 μὲν
991 1589 1053 1654 ούκ
1067 1591 1105 1654 έα
1118 1593 1215 1658 πόλε-

211 1719 276 1780 μον
299 1691 428 1778 βασιλέϊ
447 1700 492 1780 τῷ
517 1691 675 1777 Περσέων
701 1690 931 1778 ἀναιρέεσθαι,
961 1693 1152 1778 καταλέγων
1174 1697 1215 1762 τά

211 1825 246 1869 τε
269 1804 370 1867 ἔθνεα
396 1799 503 1865 πάντα
529 1809 595 1864 τών
621 1794 701 1884 ήρχε
723 1803 868 1885 Δαρεῖος
895 1797 949 1864 καὶ
976 1801 1038 1884 τήν
1068 1801 1215 1887 δύναμιν

211 1907 330 1974 αὐτοῦ·
362 1903 466 1971 ἐπείτε
498 1900 535 1970 δέ
567 1903 629 1969 ούιι
659 1906 786 1986 ἔπειθε,
822 1904 959 1990 δεύτερα
992 1909 1215 1990 συνεβούλευε

210 2012 336 2080 ποιέειν
359 2012 442 2088 ὅκως
463 2009 660 2096 ναυκρατέες
677 2017 734 2092 τῆς
751 2009 924 2094 θαλάσσης
941 2012 1083 2076 ἔσονται.
1106 2014 1216 2092 ἄλλως

209 2118 272 2204 μέν
294 2143 358 2185 νυν
381 2118 534 2202 οὐδαμῶς
560 2119 624 2200 ἔφη
651 2112 757 2198 λέγων
784 2113 905 2198 ἐνορᾶν
929 2114 1091 2200 ἐσόμενον
1113 2129 1215 2186 τοῦτο

211 2225 423 2308 (ἐπίστασθαι
449 2223 512 2306 γάρ
539 2222 600 2304 τήν
630 2219 774 2302 δύναμιν
800 2221 861 2304 τήν
887 2223 1066 2304 Μιλησίων
1089 2222 1216 2291 έοῦσαν

211 2326 380 2412 ἀσθενέα),
399 2329 430 2392 εί
447 2323 484 2392 δέ
500 2328 541 2391 τά
557 2327 705 2410 χρήματα
722 2329 931 2410 καταιρεθείη
949 2328 989 2391 τύ
1007 2327 1043 2394 ἐκ
1061 2337 1124 2395 τοῦ
1139 2332 1217 2415 ἱροῦ

80 2435 82 2439 ’
211 2441 272 2500 τοῦ
289 2431 326 2499 ἐν
344 2431 557 2515 Βραγχίδῃσι,
576 2431 615 2494 τά
632 2432 778 2514 Κροῖσος
795 2431 814 2497 ό
832 2433 945 2509 Λυύὸς
962 2432 1119 2519 ἀνέθηκε,
1134 2444 1214 2503 πολ·
1276 2495 1277 2500 ,

212 2540 270 2616 λάς
292 2532 357 2621 εἶχε
376 2535 508 2613 ἐλπίδας
526 2533 754 2619 ἐπικρατήσειν
771 2545 828 2621 τής
844 2537 1027 2622 θαλάσσης,
1046 2538 1103 2605 καὶ
1123 2543 1214 2608 οὕτω

211 2643 332 2718 αὐτούς
349 2663 384 2706 τε
403 2639 487 2719 ἕξειν
507 2639 619 2726 (τοῖσι)
638 2643 779 2726 χρήμασι
796 2648 942 2726 χρᾶσθαι
955 2641 1010 2710 καὶ
1023 2647 1103 2723 τοὺς
1117 2654 1215 2714 πολε-

211 2754 308 2836 μιόυς
322 2745 363 2812 ού
377 2748 532 2830 συλήσειν
546 2745 638 2812 αύτά.
652 2748 692 2812 τά
710 2744 747 2813 δὲ
756 2750 903 2832 χρήματα
912 2744 954 2831 ήν
963 2758 1066 2815 ταῦτα
1076 2754 1215 2836 μεγιίλα,

212 2857 257 2933 ώς
275 2853 458 2936 δεδήλωταί
477 2874 534 2936 μοι
556 2850 593 2918 έν
614 2860 659 2940 τῷ
683 2853 800 2940 πρώτω
819 2862 886 2917 τῶν
904 2855 1022 2937 λόγων.
1046 2855 1132 2940 αὕτη
1152 2856 1215 2942 μὲν

212 2965 253 3046 θή
277 2959 338 3026 οὐκ
360 2956 452 3024 ἐνίκα
473 2956 494 3040 ή
521 2959 651 3043 γνώμη,
681 2957 790 3024 ἐδόκεε
817 2954 854 3022 δὲ
881 2958 969 3041 ὅμως
998 2959 1217 3046 ἀπίστασθαι,

212 3067 271 3133 ἕνα
292 3086 328 3130 τε
351 3062 460 3128 αὐτῶν
482 3064 657 3128 πλώσαντα
678 3062 712 3140 ές
734 3065 898 3128 Μυοῦντα
921 3063 954 3139 ἐς
975 3065 1014 3129 τὸ
1038 3071 1216 3150 στρατόπε-

213 3175 275 3237 όον
292 3170 330 3235 τὸ
348 3167 412 3233 ἀπὸ
430 3177 486 3252 τής
504 3168 618 3248 Νάξου
637 3168 795 3250 ἀπελθόν,
813 3166 870 3233 ἐὸν
888 3166 1045 3252 ἐνθαῦτα,
1069 3177 1218 3258 συλλαμ-

212 3277 329 3360 βάυειν
346 3280 523 3359 πειρᾶσθαι
540 3277 619 3352 τοὺς
636 3271 772 3340 ἐπὶτῶν
790 3283 875 3338 νεών
890 3272 1103 3352 ἐπιπλέοντας
1118 3295 1219 3362 στρα-

161 3401 193 3450 37
213 3379 341 3464 τηγούς.
365 3378 640 3465 ἀποπεμφθέντος
654 3375 691 3444 δὲ
702 3374 915 3462 Ἰητραγόρεω
928 3375 998 3442 κατ’
1016 3379 1100 3446 αὐτὸ
1116 3393 1219 3450 τοῦτο

213 3485 267 3553 καὶ
295 3487 518 3569 συλλαβόντος
544 3485 630 3567 θόλῳ
653 3480 800 3548 Ὀλίατον
819 3479 1027 3563 Ἰβανώλλιος
1049 3489 1219 3556 Μυλασέα
