2678 3970
450 256 592 339 L1132v11.
630 258 706 314 οΑΡ.
726 264 846 314 οε-οο,
1088 263 1149 326 181

148 397 312 484 Δωριέων
343 401 483 467 άποικοι.
535 400 733 486 ἐπεβάτευον
770 399 807 468 δὲ
838 400 891 468 ἐπὶ
922 402 1054 472 πασέων
1085 417 1152 472 τῶν
1170 425 1203 474 96

148 516 236 572 νεῶν
256 505 383 590 Πέρσαι
402 505 456 572 καί
475 509 589 592 Μῆδοι
607 506 663 573 καλ
681 507 797 574 Σάκαι.
833 511 960 575 τούτων
981 509 1017 576 δὲ
1036 513 1152 597 άριστα
1257 508 1260 519 '

147 613 313 689 πλεούσας
334 617 531 699 παρείχοντο
554 612 631 691 νέας
652 597 805 691 Φοίνικες
827 612 882 680 καὶ
907 619 1074 682 Φοινίκων
1093 624 1153 683 Σι-

150 719 276 784 δώνιοι.
311 720 459 785 τούτοισι
480 729 560 785 πᾶσι
582 717 637 786 καὶ
654 731 741 786 τοῖσι
760 721 793 797 ἐς
810 722 869 786 τὸν
887 724 984 801 πεζὸν
1002 722 1153 808 τεταγμέ-

148 840 238 890 νοισι
258 823 369 890 αὐτῶν
387 823 512 910 έπῆσαν
531 824 696 892 ἑκάστοισι
713 826 883 911 ἐπιχώριοι
900 827 1068 912 ἡγεμόνες,
1086 839 1153 893 τῶν

150 929 230 1012 ἐγώ,
259 931 300 996 ού
326 932 391 1016 γάρ
418 931 578 1018 ἀναγκαίῃ
607 931 779 1016 ἐξέργομαι
806 932 840 1010 ές
867 933 1012 1018 ἱστορίης
1041 935 1153 1016 λόγον,

150 1035 191 1100 ού
218 1036 482 1122 παραμέμνημαι.
528 1037 604 1104 οὕτε
631 1040 695 1123 γάρ
723 1043 841 1117 ἔθνεος
868 1037 1006 1105 ἑκάστου
1029 1038 1154 1118 ἐπάξιοι

150 1137 236 1226 ἡσαν
260 1143 296 1208 οί
315 1141 485 1228 ἡγεμόνες,
508 1146 545 1210 έν
562 1167 598 1209 τε
618 1147 713 1210 ἔθνει·
730 1143 852 1233 ἑκάστῳ
872 1146 947 1210 ὅσαι
964 1168 1025 1231 περ
1043 1147 1155 1222 πόλιες
1264 1223 1270 1239 x

150 1256 304 1314 τοσοῦτοι
325 1247 381 1314 καὶ
403 1249 561 1334 ἡγεμόνες
582 1245 677 1334 ἡσαν.
714 1251 846 1316 εἵποντο
870 1247 907 1316 δὲ
931 1251 975 1328 ὡς
998 1251 1039 1316 οὐ
1058 1268 1154 1336 στρα-

149 1351 244 1438 τηγοί
267 1347 339 1420 ἀλλ’
365 1355 473 1440 ὥσπερ
497 1355 532 1420 οί
547 1357 641 1420 ἄλλοι
660 1359 915 1442 στρατευόμενοι
934 1359 1061 1439 δοῦλοι,
1085 1355 1154 1423 ἐπεὶ

150 1463 331 1546 στρατηγοί
348 1484 384 1526 τε
411 1461 446 1526 οί
470 1462 508 1527 τὸ
531 1470 597 1527 πᾶν
625 1465 755 1546 ἔχοντες
780 1463 899 1546 κράτος
921 1460 975 1526 καί
998 1447 1155 1548 άρχοντες

149 1577 217 1630 τῶν
239 1564 368 1632 ἐθνέων
391 1564 546 1648 ἑκάστων,
570 1567 643 1632 ὅσοι
662 1567 772 1632 αὐτῶν
788 1563 875 1651 ἦσαν
893 1566 1031 1652 Πέρσαι,
1051 1567 1154 1654 είρέα-

150 1675 207 1736 ταί
222 1694 287 1756 μοι.
323 1681 384 1738 τοῦ
407 1669 444 1738 δὲ
466 1681 627 1738 ναυτικοῦ
650 1673 867 1757 ἐστρατήγεον
887 1673 996 1756 [οἵδε,]
1013 1669 1154 1759 Ἀριαβί-
1173 1689 1205 1738 97

151 1801 233 1861 γνης
253 1801 288 1842 τε
312 1777 329 1842 ὁ
348 1781 498 1864 Δαρείου
524 1776 580 1844 καί
603 1779 804 1862 Πρηξάσπης
826 1777 845 1844 ὁ
865 1775 1071 1844 Ἀσπαθίνεω
1098 1777 1153 1844 καὶ

9 1949 21 1986 ¹.
153 1883 347 1966 Μεγάβαζος
378 1883 622 1968 δΜεγαβάτεω
654 1882 709 1948 καί
735 1878 926 1968 Ἀχαιμένης
953 1883 971 1948 ὁ
994 1887 1152 1967 Δαρείου,

151 1997 209 2072 τῆς
231 1985 291 2074 μὲν
311 1984 416 2064 Ἰάδος
437 2011 473 2054 τε
494 1987 550 2054 καὶ
568 1992 715 2073 Καρικῆς
738 1998 891 2073 στρατιῆς
909 1985 1117 2073 Ἀριαβίγνης
1135 1988 1153 2055 ὁ

152 2098 301 2180 Δαρείου
323 2118 359 2160 τε
385 2105 462 2171 παῖς
488 2093 543 2160 καί
569 2104 627 2178 τῆς
649 2095 814 2178 Γωβρύεω
841 2095 1022 2179 θυγατρός·
1052 2097 1099 2159 Al
1140 2135 1154 2145 -

152 2203 257 2264 σιτίων
280 2197 317 2266 δὲ
340 2200 533 2285 ἐστρατήγεε
552 2197 754 2285 Ἀχαιμένης,
778 2198 905 2284 Ξέρξεω
929 2199 993 2264 ἐὼν
1016 2194 1071 2266 ἀπ’
1097 2201 1154 2284 άμ-

153 2305 306 2390 φοτέρων
328 2306 500 2388 ἀδελφεός,
517 2313 575 2389 τῆς
594 2301 630 2370 δὲ
649 2307 749 2390 άλλης
768 2313 921 2391 στρατιῆς
939 2304 1155 2391 ἐστρατήγεον

153 2411 189 2476 οί
209 2411 280 2476 δύο.
323 2412 549 2496 τριηκόντεροι
577 2405 614 2475 δὲ
640 2407 696 2475 καὶ
722 2411 974 2494 πεντηκόντεροι
1001 2409 1056 2476 καλ
1082 2413 1155 2494 κε’ρ-

152 2539 271 2601 κουροι
293 2513 346 2581 καὶ
371 2515 544 2600 ἱππαγωγά
561 2521 661 2581 πλοῖα
678 2517 799 2602 σμικρά
817 2517 1026 2582 συνελθόντα
1045 2517 1078 2594 ἐς
1095 2520 1154 2582 τὸν

153 2623 300 2708 ἀριθμὸν
327 2620 433 2706 ἐφάνη
460 2623 632 2706 τρισχίλια.
676 2632 743 2686 τῶν
771 2616 808 2686 δέ
831 2621 1052 2687 ἐπιπλεόντων
1076 2622 1156 2707 μετά
1173 2639 1207 2688 98

153 2753 191 2813 γε
211 2731 290 2804 τοὺς
313 2729 516 2812 στρατηγοὺς
539 2727 608 2792 οἵδε
630 2721 716 2811 ἡσαν
744 2727 779 2792 οί
798 2725 1068 2811 ὀνομαστότατοι,
1097 2730 1155 2790 Σι·

155 2835 275 2912 δόντος
287 2834 543 2919 Τετράμνηστος
558 2829 710 2915 Ἀνύσου,
729 2829 784 2896 καὶ
805 2832 926 2916 Τύριος
943 2832 1083 2914 Ματτὴν
1098 2835 1154 2895 Σι-

155 2942 282 3026 ρώμου,
314 2937 369 3006 καί
392 2935 543 3024 Ἀράδιος
571 2937 749 3024 Μέρβαλος
772 2933 949 3019 Ἀγβάλου,
978 2933 1033 3000 καὶ
1059 2935 1155 3016 Κίλιξ

154 3045 336 3122 Συέννεσις
346 3042 594 3131 Ὠρομέδοντος,
612 3042 667 3108 καὶ
681 3043 805 3118 Λύκιος
820 3042 1045 3125 Κυβερνίσκος
1058 3045 1154 3124 Σίκα,

154 3150 209 3218 καὶ
230 3152 377 3236 Κύπριοι
398 3152 527 3236 Γόργος
548 3173 583 3216 τε
606 3147 624 3214 ὁ
642 3147 783 3232 Χέρσιος
805 3143 860 3211 καί
885 3144 1036 3230 Τιμῶναξ
1060 3146 1077 3212 ὁ
1100 3151 1154 3212 Τι-

154 3260 319 3342 μαγόρεω,
346 3253 402 3322 καὶ
423 3259 547 3343 Καρῶν
569 3250 721 3330 Ἱστιαῖός
746 3275 781 3316 τε
808 3250 826 3316 ὁ
853 3251 989 3336 Τύμνεω
1015 3249 1070 3318 καὶ
1093 3255 1155 3318 Πί-

154 3386 236 3448 γρης
263 3359 529 3446 δὙσσελδάμου
555 3357 611 3425 καί
632 3362 874 3442 Δαμασίθυμος
902 3357 919 3423 ὁ
943 3359 1154 3424 Κανδαύλεω

154 3479 221 3534 τῶν
248 3466 309 3552 μέν
331 3492 395 3534 νυν
422 3468 531 3532 άλλων
559 3464 600 3530 ού
627 3461 880 3550 παραμέμνημαι
905 3463 1088 3550 ταξιάρχων
1112 3465 1156 3541 ὡς
1173 3480 1206 3529 99
