2572 3980
394 237 462 293 ΜΒ.
476 238 509 294 V.
547 232 764 294 OAP.1³-1'⁷.
1062 240 1081 303 7

75 379 130 446 καὶ
149 378 384 466 Ὀδομάντους]
407 380 461 447 καί
484 382 588 465 αὐτὴν
610 383 671 466 τὴν
689 385 809 467 λίμνην
826 384 887 467 την
906 383 1082 468 Πρασιάδα

77 488 137 552 οὐκ
160 487 387 574 ἐχειρώθησαν
410 487 515 572 ἀρχὴν
533 487 597 552 ὑπὸ
616 488 825 571 Μεγαβάζου.
861 487 1020 574 ἐπειρήθη
1044 486 1082 554 δὲ

75 591 131 658 καὶ
161 595 241 668 τοὺς
273 591 310 657 έν
340 601 379 677 τῇ
409 596 508 678 λίμνη
535 591 790 677 κατοικημένους
817 591 975 678 ἐξαιρέειν
1002 589 1081 662 ὧδε·

77 699 166 782 ίκρία
193 695 247 763 ἐπὶ
272 707 424 782 σταυρῶν
446 698 584 780 ὑψηλῶν
607 697 781 782 ἐζευγμένα
804 697 841 763 ἐν
863 697 945 783 μέση
968 698 1082 785 ἕστηκε

75 812 113 888 τῇ
137 806 252 888 λίμνη,
281 803 401 868 ἔσοδον
428 801 464 867 έκ
490 813 547 887 τῆς
568 804 707 890 ἠπείρου
729 804 862 887 στεινὴν
885 806 1001 887 ἔχοντα
1023 812 1081 888 μιῇ

74 909 216 994 γεφύρη.
260 911 338 984 τοὺς
374 904 411 974 δέ
447 912 610 994 σταυροὺς
645 913 723 986 τοὺς
757 910 960 984 ὑπεστεῶτας
995 921 1081 973 τοῖσι

75 1015 213 1100 ἰκρίοισι
237 1016 274 1081 τὸ
298 1013 358 1099 μέν
381 1037 442 1080 κου
465 1014 603 1099 ἀρχαῖον
626 1019 768 1098 ἔστησαν
789 1022 885 1099 κοινῇ
908 1014 1026 1091 πάντες
1049 1015 1085 1079 οί

74 1125 239 1204 πολιῆται,
258 1122 337 1205 μετά
356 1117 393 1187 δέ
410 1123 502 1208 νόμῳ
521 1123 702 1206 χρεώμενοι
721 1123 828 1186 ίστάσι
841 1121 972 1208 τοιῷδε·
990 1122 1082 1204 κομί·

75 1230 187 1305 ζοντες
206 1225 240 1306 ἐξ
259 1229 353 1312 όρεος
370 1234 416 1315 τῷ
436 1227 563 1312 ούνομά
581 1226 650 1292 ἐστι
663 1226 825 1311 Ὄρβηλος
842 1227 924 1291 κατὰ
940 1237 1082 1309 γυναῖκα

75 1330 217 1415 ἑκάστην
240 1332 259 1398 ὑ
281 1332 413 1417 γαμέων
434 1345 522 1418 τρεῖς
541 1335 704 1419 σταυροὺς
724 1334 891 1416 ὑπίστησι·
914 1333 1026 1416 ἀγεται
1044 1328 1081 1397 δὲ

74 1437 212 1514 ἕκαστος
230 1441 353 1522 συχνὰς
370 1449 537 1522 γυναῖκας.
570 1439 715 1505 οἰκέουσι
730 1435 766 1505 δέ
779 1447 932 1504 τοιοῦτον
945 1440 1080 1522 τρόπον,

73 1543 222 1629 κρατέων
254 1543 390 1620 ἕκαστος
419 1543 471 1608 ἐπὶ
499 1555 566 1610 τῶν
596 1547 711 1630 ίκρίων
742 1545 887 1628 καλύβης
917 1566 952 1608 τε
978 1541 1015 1608 ἐν
1041 1551 1081 1627 τῇ

75 1651 239 1714 διαιτᾶται
262 1647 317 1713 καὶ
338 1650 448 1736 θύρης
469 1659 674 1733 καταπακτῆς
698 1650 753 1714 διὰ
774 1659 840 1713 τῶν
862 1651 976 1734 ίκρίων
994 1649 1080 1712 κάτω

75 1756 244 1854 φερούσης
272 1753 305 1832 ἐς
326 1755 388 1839 την
410 1759 540 1839 λίμνην.
584 1755 624 1819 τὰ
647 1750 683 1820 δέ
705 1757 807 1838 νήπια
828 1757 944 1820 παιδία
967 1753 1081 1820 δέουσι

74 1869 136 1925 τοῦ
154 1861 257 1936 ποδὸς
275 1860 418 1947 σπάρτῳ,
438 1861 481 1944 μὴ
496 1864 721 1944 κατακυλισθῇ
736 1861 967 1943 δειμαίνοντες.
994 1871 1082 1925 τοῖσι

62 1963 112 2031 δὲ
146 1966 274 2030 ἵπποισι
309 1963 364 2030 καί
395 1976 481 2031 τοῖσι
512 1966 719 2050 ὑποζυγίοισι
749 1964 929 2050 παρέχουσι
959 1969 1080 2051 χόρτον

78 2071 190 2154 ἰχθῦς·
216 2080 284 2135 τῶν
308 2067 345 2135 δὲ
371 2075 499 2155 πλῆθός
526 2071 595 2137 ἐστι
620 2079 759 2158 τοσοῦτο
788 2071 884 2154 ώστε,
912 2072 992 2135 όταν
1018 2071 1080 2155 την
1201 2063 1203 2069 ’

74 2177 189 2258 θύρην
211 2177 272 2258 την
294 2177 503 2259 καταπακτὴν
526 2176 701 2262 ἀνακλίνη,
728 2186 834 2240 κατιεῖ
853 2177 975 2263 σχοίνῳ
998 2192 1080 2242 σπυ·

75 2282 153 2366 ρίδα
175 2283 290 2364 κεινὴν
313 2281 345 2358 ές
367 2283 429 2364 την
451 2285 571 2365 λίμνην
592 2279 646 2346 καὶ
665 2281 706 2346 οὑ
724 2283 848 2345 πολλόν
865 2304 940 2347 τινα
957 2285 1080 2367 χρόνον

76 2386 220 2472 ἐπισχὼν
243 2387 372 2473 ἀνασπᾷ
395 2389 519 2470 πλήρεα
543 2389 680 2471 ίχθύων.
715 2397 783 2451 τῶν
806 2383 842 2452 δὲ
864 2389 993 2471 ίχθύων
1012 2386 1079 2454 ἐστὶ

75 2491 174 2577 γένεα
202 2495 279 2576 δύο,
306 2494 383 2568 τοὺς
411 2490 567 2557 καλέουσι
592 2492 762 2577 πάπρακάς
789 2515 824 2557 τε
850 2491 905 2558 καὶ
932 2499 1080 2571 τίλωνας.

76 2601 237 2664 Παιόνων
260 2593 320 2681 μέν
343 2598 383 2680 δὴ
408 2597 442 2663 οί
458 2596 672 2683 χειρωθέντες
689 2600 811 2682 ἤγοντο
830 2598 863 2675 ἐς
880 2600 942 2683 την
957 2595 1079 2682 Ἀσίην,
1099 2618 1132 2667 17

75 2705 274 2788 Μεγάβαζος
303 2700 340 2768 δὲ
371 2704 416 2780 ὡς
443 2703 638 2787 ἐχειρώσατο
665 2707 743 2781 τοὺς
769 2707 933 2788 Παίονας,
962 2704 1080 2788 πέμπει

75 2808 237 2894 ἀγγέλους
260 2809 293 2886 ἐς
310 2810 528 2892 Μακεδονίην
551 2811 675 2894 ἀνδρας
693 2808 772 2875 ἑπτά
790 2808 932 2894 Πέρσας,
956 2813 991 2872 οἳ
1005 2806 1076 2891 μετ’

75 2915 180 2980 αὑτὸν
208 2913 335 2980 ἐκεῖνον
366 2910 450 2998 ησαν
479 2915 695 2998 δοκιμώτατοι
723 2915 759 2981 ίν
788 2917 833 3001 τῷ
861 2913 1080 3000 στρατοπέδῳ.

75 3019 261 3106 ἐπέμποντο
285 3016 322 3086 δέ
345 3015 438 3085 οὑτοι
460 3022 548 3104 παρὰ
567 3017 730 3104 Ἀμύντην
754 3022 943 3102 αἰτήσοντες
964 3027 1028 3102 γῆν
1045 3042 1080 3084 τε

74 3121 129 3191 καί
152 3126 246 3209 ὑδωρ
269 3129 402 3214 Δαρείῳ
424 3126 560 3210 βασιλέϊ.
602 3131 671 3191 ἔστι
694 3123 731 3190 δὲ
753 3125 789 3190 ἐκ
810 3133 867 3208 τῆς
889 3125 1081 3210 Πρασιάδος

75 3236 194 3318 λίμνης
227 3231 390 3316 σύντομος
415 3232 518 3317 κάρτα
550 3231 582 3308 ἐς
608 3233 669 3315 την
696 3232 921 3313 Μακεδονίην.
967 3242 1081 3316 πρῶτα

75 3334 136 3421 μέν
158 3338 223 3423 γάρ
247 3339 353 3420 ἔχεται
375 3347 432 3421 τῆς
453 3339 571 3421 λίμνης
592 3338 629 3401 τὸ
650 3335 811 3420 μέταλλον
829 3335 862 3415 ἐξ
881 3331 922 3402 οὑ
940 3336 1081 3421 ὕστερον

74 3444 204 3509 τούτων
227 3442 390 3507 τάλαντον
408 3442 569 3528 ἀργυρίου
585 3438 786 3529 Ἀλεξάνδρῳ
805 3441 927 3527 ἡμέρης
945 3441 1081 3526 ἑκάστης
