2678 3968
464 221 532 276 ΜΒ,
547 221 619 276 Vm.
657 221 734 276 cAP.
754 229 875 278 ει-εε.
1107 220 1171 284 267

167 362 362 448 ἐνέπρησαν.
407 367 466 429 καί
494 388 586 442 τινας
615 366 790 444 διώκοντες
817 357 906 432 εἷλον
932 377 1000 432 τῶν
1029 364 1174 430 Φωκέων

166 472 251 556 πρὸς
268 481 354 536 τοίσι
372 472 474 556 ὄρεσι,
492 470 548 536 καὶ
565 473 724 554 γυναῖκάς
742 496 835 549 τινας
848 471 1045 557 διέφθειραν
1059 473 1176 556 μισγό-

168 600 262 660 μενοι
280 576 345 642 ὑπὸ
364 579 519 660 πλήθεος.
550 581 831 663 Παραποταμίους
844 574 881 642 δέ
895 580 1174 662 παραμειβόμενοι
1192 595 1227 642 34

168 683 205 747 οέ
224 682 386 768 βάρβαροι
410 682 566 748 ἀπίκοντο
589 683 623 759 ἐς
642 682 827 760 Πανοπέας.
869 683 1027 748 ἐνθεῦτεν
1050 679 1086 748 δὲ
1109 683 1173 766 ήδη

169 787 404 875 διακρινομένη
427 788 448 871 ἡ
472 789 606 872 στρατιή
630 790 740 854 αὐτῶν
763 790 913 874 ἐσχίζετο.
950 789 987 854 τὸ
1006 785 1066 872 μὲν
1085 793 1174 854 πλεῖ-

167 911 250 960 στον
275 893 330 960 καὶ
358 897 590 960 δυνατώτατον
617 906 677 962 τοῦ
705 906 847 983 στρατοῦ
869 897 935 982 ἅμα
958 896 1046 983 αύτῷ
1070 894 1174 980 Ξέρξη
1226 953 1228 958 ,

167 1004 396 1086 πορευόμενον
419 998 471 1067 ἐπ’
495 997 637 1086 Ἀθήνας
659 1002 793 1086 ἐσέβαλε
812 1002 845 1078 ές
863 1003 1041 1084 Βοιωτούς,
1061 1001 1094 1076 ἐς
1111 1010 1175 1084 χήν

169 1109 231 1191 τήν
246 1103 472 1194 Ὀρχομενίων.
509 1111 667 1173 Βοιωτῶν
690 1105 728 1174 δὲ
745 1117 811 1173 πᾶν
831 1109 868 1172 τὸ
886 1113 1015 1190 πλῆθος
1034 1107 1175 1190 ἐμήδιζε,

168 1215 227 1290 τὰς
254 1209 291 1277 δὲ
318 1214 413 1288 πόλις
435 1212 545 1278 αὐτῶν
568 1213 687 1298 ἄνδρες
709 1214 904 1290 Μακεδόνες
927 1210 1176 1298 διατεταγμένοι

169 1321 307 1401 ἐσωζον,
338 1317 402 1383 ὑπὸ
422 1315 640 1404 Ἀλεξάνδρου
663 1316 945 1404 ἀποπεμφθέντες.
991 1321 1115 1398 ἔσωζον
1139 1315 1176 1383 δὲ

168 1428 262 1511 τῇδε,
288 1425 390 1508 δῆλον
413 1427 612 1508 βουλόμενοι
633 1423 758 1489 ποιέειν
781 1423 886 1510 Ξέρξη
910 1425 961 1490 ὅτι
982 1426 1022 1490 τά
1044 1426 1176 1508 Μήδων

170 1529 313 1598 Βοιωτοὶ
328 1528 512 1616 φρονέοιεν.
546 1525 639 1596 οὗτοι
657 1527 718 1615 μέν
737 1532 778 1613 δή
797 1541 864 1596 τῶν
882 1531 1061 1616 βαρβάρων
1074 1531 1175 1615 ταύτη

171 1639 362 1724 ἐτράποντο,
387 1638 481 1702 ἄλλοι
504 1633 541 1701 δέ
564 1637 674 1702 αὐτῶν
696 1637 860 1722 ἡγεμόνας
883 1640 1013 1722 ἔχοντες
1035 1635 1175 1722 ὁρμέατο
1195 1654 1230 1705 35

171 1744 224 1811 ἐπὶ
246 1746 283 1810 τὸ
308 1745 382 1829 ίρὸν
404 1744 441 1808 τὸ
465 1742 502 1806 ἐν
520 1747 696 1826 Δελφοῖσι,
720 1743 757 1809 ἐν
781 1742 871 1828 δεξιῇ
893 1745 953 1808 τὸν
972 1744 1178 1828 Παρνησσὸν

172 1850 378 1936 ἀπέργοντες.
424 1849 487 1914 ὅσα
514 1845 551 1913 δέ
577 1847 632 1913 καί
656 1844 749 1914 οὗτοι
772 1849 911 1933 ἐπέσχον
933 1858 990 1932 τής
1016 1850 1176 1932 Φωκίδος,

170 1959 279 2022 πάντα
298 1955 537 2040 ἐσιναμώρεον·
560 1953 614 2019 καὶ
632 1956 695 2040 γὰρ
714 1966 781 2020 τῶν
796 1953 982 2020 Πανοπέων
1000 1957 1061 2039 τήν
1079 1957 1177 2020 πόλιν

172 2061 358 2146 ἐνέπρησαν
387 2058 442 2125 καὶ
464 2064 624 2126 Δαυλίων
653 2059 708 2125 καὶ
735 2061 931 2126 Αίολιδέων.
977 2061 1176 2148 ἐπορεύοντο

173 2165 211 2233 δὲ
243 2168 344 2252 ταύτῃ
377 2165 634 2250 ἀποσχισθέντες
667 2175 724 2250 τῆς
756 2167 857 2248 ἀλλης
888 2175 1041 2250 στρατιῆς
1072 2167 1177 2231 τῶνδε
1236 2245 1237 2255 ¹

173 2274 298 2355 εἵνεκα,
321 2273 406 2348 ὅπως
428 2273 630 2354 συλήσαντες
651 2273 688 2336 τὸ
712 2271 787 2357 ίρὸν
809 2273 847 2336 τὸ
871 2270 907 2336 ἐν
930 2276 1097 2357 Δελφοῖσι
1120 2277 1178 2356 βα-

173 2377 260 2445 σιλέι
285 2377 389 2462 Ξέρξη
421 2376 615 2456 ἀποδέξαιεν
641 2379 681 2442 τά
708 2379 863 2462 χρήματα.
908 2377 1015 2444 πάντα
1043 2376 1074 2444 δ’
1104 2379 1178 2462 ήπί-

173 2503 273 2552 στατο
300 2486 340 2550 τὰ
367 2485 405 2550 έν
430 2493 477 2572 τῷ
506 2485 566 2572 ίρῷ
590 2485 651 2550 ὅσα
674 2486 776 2567 λόγου
803 2480 845 2568 ἦν
872 2483 946 2562 ἀξια
968 2484 1105 2570 Ξέρξης,
1133 2486 1178 2562 ὡς

173 2593 238 2676 ἐγὼ
258 2592 485 2675 πυνθάνομαι,
507 2589 684 2676 όμεινονή
707 2593 746 2655 τὰ
765 2591 802 2656 ἐν
820 2601 906 2656 τοῖσι
925 2593 1059 2656 οἰκίοισι
1077 2594 1177 2673 έλιπε,

172 2705 307 2766 πολλῶν
335 2695 399 2762 αἰεί
426 2699 608 2780 λεγόντων,
637 2695 691 2762 καὶ
720 2697 859 2781 μάλιστα
881 2699 922 2762 τὰ
943 2699 1094 2781 Κροίσου
1117 2706 1178 2762 τοῦ

174 2805 352 2871 Ἀλυάττεω
387 2803 593 2888 ἀναθήματα.
619 2791 678 2868 ὀί
708 2801 745 2868 δέ
766 2801 898 2888 Δελφοὶ
927 2804 1179 2886 πυνθανόμενοι
1198 2823 1231 2870 36

173 2921 277 2977 ταῦτα
301 2909 334 2986 ές
355 2918 465 2974 πᾶσαν
488 2908 658 2995 ἀρρωδίην
681 2908 832 2992 ἀπίκατο,
858 2909 894 2974 ἐν
918 2907 1045 2992 δείματι
1069 2904 1106 2972 δὲ
1124 2932 1178 2991 με-

173 3019 265 3106 ρόλφ
287 3027 500 3092 κατεστεῶτες
522 3015 742 3100 ἐμαντεύοντο
765 3012 840 3100 περὶ
863 3025 930 3079 τῶν
954 3015 1036 3099 ἱρῶν
1055 3015 1178 3099 χρημά-

174 3149 257 3208 των,
285 3129 349 3189 είτε
372 3120 457 3207 σφέα
485 3122 566 3186 κατδι
589 3129 648 3204 γῆς
669 3118 872 3202 κατορύξωσι
895 3125 959 3184 είτε
983 3119 1178 3205 ἐκκομίσωσι

174 3231 208 3308 ἐς
228 3231 332 3312 ἀλλην
349 3229 470 3314 χώρην.
506 3227 524 3293 ὁ
545 3221 581 3291 δέ
594 3227 674 3301 θεός
692 3242 796 3310 σφεας
814 3225 875 3290 οὐκ
907 3227 944 3290 ἐα
962 3224 1094 3310 κινέειν,
1114 3229 1179 3312 φάς

175 3338 275 3414 αὐτὸς
298 3337 410 3411 ἱκανὸς
433 3329 518 3400 εἶναι
541 3343 608 3398 τῶν
631 3331 757 3397 ἑωυτοῦ
779 3338 1016 3418 προκατῆσθαι.
1048 3331 1179 3418 Δελφοὶ

176 3440 213 3508 δέ
241 3451 342 3507 ταῦτα
370 3441 570 3517 ἀκούσαντες
597 3437 710 3523 σφέων
737 3439 847 3504 αὐτῶν
874 3438 949 3524 πέρι
975 3438 1179 3524 ἐφρόντιζον.
