2678 3968
448 285 603 341 L13.V111.
640 285 716 341 θεν.
737 293 859 341 ιι-ιε.
1090 285 1153 350 271

150 451 185 493 τε
205 426 260 492 καί
274 429 433 512 Μηλιέων
451 429 487 496 ἐκ
504 439 561 514 τής
578 439 642 496 νῦν
658 433 814 516 Δωρίδος
832 430 1030 516 καλεομένης
1047 430 1157 516 χώρης

152 535 395 613 ἐξαναστάντες.
441 531 533 601 οὗτοι
561 534 622 621 μέν
649 560 714 600 νυν
737 540 1019 620 Πελοποννησίων
1042 537 1154 622 έστρα-
1173 551 1211 601 44

150 641 299 724 τεύοντο,
323 643 358 706 οί
374 638 411 708 δὲ
434 641 469 707 ἐκ
487 650 544 725 τῆς
562 640 622 720 ἔξω
640 642 791 727 ήπείρου,
806 637 977 726 Ἀθηναῖοι
996 640 1056 727 μέν
1072 645 1157 729 πρὸς

150 747 275 824 πάντας
301 751 380 826 τοὺς
406 749 528 825 ἄλλους
549 751 768 834 παρεχόμενοι
790 747 867 825 νέας
890 749 1079 832 ὀγδώκοντα
1100 747 1156 815 καλ

151 853 279 936 ἑκατόν,
303 864 436 939 μοῦνοι·
459 855 496 920 ἐν
519 859 686 939 Σαλαμῖνι
708 856 770 938 γάρ
795 854 836 919 ού
858 855 1155 940 συνεναυμάχησαν

150 959 332 1037 Πλαταιέες
351 956 558 1044 Ἀθηναίοισι
586 961 641 1025 διὰ
667 961 798 1026 τοιόνδε
821 984 853 1025 τι
879 968 1025 1046 πρῆγμα·
1054 959 1155 1026 άπαλ-
1270 1003 1273 1008 -

150 1066 366 1150 λασσομένων
397 1077 463 1131 τῶν
487 1062 655 1149 Ἑλλήνων
684 1066 748 1131 άπὸ
775 1075 835 1131 τοῦ
858 1062 1078 1151 Ἀρτεμισίου,
1111 1066 1157 1142 ὡς

151 1172 302 1255 ἐγίνοντο
334 1173 415 1236 κατά
446 1173 609 1254 Χαλκίδα,
642 1174 678 1238 οί
703 1171 884 1249 Πλαταιέες
909 1171 1091 1256 ἀποβάντες
1122 1171 1157 1248 ἐς

152 1279 213 1361 τήν
230 1281 370 1363 περαίην
388 1287 445 1362 τής
463 1281 624 1360 Βοιωτίης
641 1279 750 1364 χώρης
767 1279 850 1364 πρὸς
868 1278 1045 1362 ἐκκομιδὴν
1064 1276 1156 1363 ἐτρά-

150 1406 253 1448 ποντο
275 1394 342 1448 τῶν
366 1383 526 1450 οίκετέων.
564 1379 657 1448 οὗτοι
675 1383 736 1468 μέν
758 1407 823 1448 νυν
840 1385 980 1460 τούτους
997 1384 1157 1462 σώζοντες

152 1490 366 1574 ἐλείφθησαν.
403 1484 575 1573 Ἀθηναῖοι
599 1487 636 1554 δὲ
658 1488 712 1555 έπλ
729 1487 790 1574 μέυ
809 1494 992 1574 Πελασγῶν
1011 1489 1156 1574 ἐχόντων

151 1598 212 1679 τήν
241 1605 305 1661 νῦν
324 1593 465 1661 Ἑλλάδα
486 1598 690 1680 καλεομένην
712 1591 798 1678 ἦσαν
821 1598 1004 1679 Πελασγοί,
1033 1595 1154 1678 ὀνομα-

152 1705 281 1786 ζόμενοι
299 1704 460 1787 Κραναοί,
479 1699 532 1766 ἐπὶ
551 1697 588 1766 δὲ
601 1700 772 1785 Κέκροπος
793 1700 946 1785 βασιλέος
964 1699 1155 1783 ἐκλήθησαν

150 1809 364 1892 Κεκροπίδαι,
384 1805 601 1891 ἐκδεξαμένου
620 1803 657 1872 δὲ
671 1803 843 1891 Ἐρεχθέος
861 1806 922 1889 τήν
936 1805 1041 1890 άρχήν
1057 1800 1155 1890 Ἀθη·

150 1926 240 1980 ναῖοι
266 1913 586 1998 μετωνομάσθησαν,
608 1910 726 1988 Ἴωνος
754 1909 791 1976 δὲ
812 1921 873 1977 τοῦ
896 1911 1034 1985 Ξούθου
1057 1928 1154 1998 στρα-

150 2021 274 2104 τάρχεω
297 2018 479 2104 γενομένου
499 2017 708 2101 Ἀθηναίοισι
734 2017 924 2100 ἐκλήθησαν
947 2017 1010 2082 άπὸ
1033 2019 1154 2083 τούτου

150 2125 273 2202 Ἴωνες.
316 2125 487 2212 Μεγαρέες
510 2121 547 2189 δὲ
569 2124 675 2189 τώυτὸ
698 2125 858 2209 πλήρωμα
880 2125 1077 2208 παρείχοντο
1099 2122 1154 2188 καί
1172 2139 1207 2189 45

150 2228 200 2296 ἐπ’
228 2227 436 2319 Ἀρτεμισίω,
465 2229 706 2314 Ἀμπρακιῶται
738 2225 776 2293 δέ
808 2227 887 2293 ἐπτδι
916 2227 993 2305 νέας
1024 2231 1154 2313 ἔχοντες

151 2338 392 2421 ἐπεβοήθησαν,
416 2336 596 2402 Λευκάδιοι
619 2333 656 2400 δέ
677 2346 778 2419 τρεῖς,
803 2337 905 2411 ἔθνος
927 2334 1037 2412 ἐόντες
1060 2331 1153 2402 οὗτοι

150 2445 307 2528 Δωρικὸν
325 2443 388 2508 άπὸ
402 2446 587 2527 Κορίνθου.
619 2439 808 2524 νησιωτέων
823 2436 861 2504 δέ
874 2441 1050 2524 Αἰγινῆται
1062 2445 1153 2528 τριή-
1171 2459 1207 2508 4ο
1337 2481 1338 2504 1

149 2574 251 2615 κοντα
273 2552 477 2633 παρείχοντο.
512 2543 598 2630 ήσαν
621 2545 682 2631 μέν
705 2562 766 2631 σφι
788 2543 843 2611 καί
865 2546 962 2610 άλλαι
982 2552 1153 2632 πεπληρω-
1337 2531 1338 2570 δ

149 2655 247 2740 μέναι
277 2654 364 2736 νέες,
393 2654 475 2719 άλλδι
505 2662 580 2737 τῇσι
610 2649 671 2737 μὲν
701 2654 763 2736 τήν
791 2651 923 2719 ἑωυτῶν
951 2651 1153 2736 ἐφύλασσον,

148 2764 325 2846 τριήκοντα
344 2755 380 2824 δέ
397 2767 472 2844 τήσι
490 2759 606 2843 ἄριστα
624 2760 803 2843 πλεούσησι
822 2757 859 2822 ἐν
872 2761 1039 2840 Σαλαμῖνι
1057 2757 1153 2822 ἐναυ-

149 2869 308 2953 μάχησαν.
344 2866 521 2948 Αἰγινῆται
544 2863 584 2928 δέ
604 2866 667 2929 είσι
685 2861 832 2948 Δωριέες
855 2861 918 2926 άπὸ
939 2856 1153 2947 Ἐπιδαύρου·

147 2983 188 3059 τῇ
221 2970 257 3038 δὲ
288 2975 380 3060 νήσφ
408 2972 570 3055 πρότερον
598 2971 726 3053 ούνομα
753 2964 795 3051 ἦν
820 2968 962 3049 Οίνώυη.
1008 2969 1088 3050 μετά
1115 2966 1153 3034 δέ

148 3083 330 3164 Αἰγινήτας
344 3076 520 3153 Χαλκιδέες
538 3078 595 3152 τάς
614 3073 662 3141 ἐπ’
683 3073 873 3161 Ἀρτεμισίω
892 3079 996 3138 είκοσι
1014 3078 1154 3159 παρεχό-

148 3211 243 3272 μενοι
271 3184 326 3251 καί
347 3181 523 3271 Ἐρετριέες
548 3183 606 3258 τὰς
633 3180 725 3246 ἑπτά·
757 3175 851 3248 οὗτοι
879 3175 915 3244 δὲ
938 3177 1053 3256 Ἴωνές
1079 3182 1152 3247 είσι.

149 3295 228 3376 μετὰ
247 3289 284 3358 δέ
297 3295 398 3374 Κήιοι
415 3291 473 3366 τὰς
492 3288 592 3364 αέπδις
609 3289 838 3372 παρεχόμενοι,
858 3287 959 3362 ἐθνος
977 3285 1033 3350 ἐὸν
1049 3283 1153 3352 Ἰωνι·

147 3400 209 3462 κὸν
240 3398 303 3462 άπὸ
328 3395 506 3481 Ἀθηνέων.
551 3392 672 3471 Νάξιοι
700 3390 737 3458 δὲ
763 3395 959 3477 παρείχοντο
986 3390 1152 3478 τέσσερας,

148 3502 421 3586 ἀποπεμφθέντες
434 3499 495 3585 μὲν
510 3501 543 3578 ές
555 3503 634 3577 τοὺς
643 3501 785 3584 Μήδους
799 3498 863 3563 ὑπὸ
876 3508 943 3563 τῶν
956 3497 1152 3581 πολιητέων,
