2678 3968
377 239 446 296 LIB.
461 240 534 297 v111.
571 241 648 297 οΑΡ.
670 248 865 312 ηομ-ιιι.
1061 244 1126 310 319

122 380 223 460 ἐλεξε·
246 385 506 469 Λακεδαιμόνιοι
529 382 566 451 δέ
588 388 775 471 πυθόμενοι
793 389 884 472 ἥκειν
900 356 1117 474 Ἀλέξανδρον
1129 405 1178 456 141

124 488 157 565 ές
181 486 325 573 Ἀθηνας
356 489 390 567 ἐς
421 491 602 576 ὁμολογίην
630 491 750 570 ἄξοντα
776 495 821 580 τῷ
849 495 1004 582 βαρβάρῳ
1028 491 1126 578 Ἀθη-

122 597 254 678 ναίονς,
287 595 555 681 ἀναμνησθέντες
585 609 652 662 τῶν
683 601 806 682 λογίων
831 599 875 675 ὥς
899 615 1004 683 σφεας
1028 602 1127 685 χρεόν

123 700 193 766 ἐστι
219 701 285 786 ἅμα
307 714 394 768 τοῖσι
422 705 551 768 άλλοισι
574 709 743 789 Δωριεῦσι
770 704 936 770 ἐκπίπτειν
963 705 999 771 έιι
1021 711 1127 773 Πελο-

122 810 294 891 ποννησον
326 808 391 874 ὑπὸ
419 810 549 893 Μήδων
580 832 615 874 τε
645 807 701 876 καὶ
729 803 932 894 Ἀθηναίων,
964 812 1065 898 κάρτα
1091 836 1127 878 τε

122 914 255 978 ἔδεισαν
278 915 322 999 μὴ
345 914 575 999 ὁμολογήσωσι
597 923 642 1004 τῷ
666 915 780 1002 Πέρση
800 913 987 1000 Ἀθηναῖοι,
1010 917 1128 983 αὐτίκα

121 1018 160 1085 τέ
176 1035 237 1104 σφι
255 1019 348 1099 ἔδοξε
365 1018 504 1106 πέμπειν
523 1021 691 1106 ἀγγέλους.
725 1021 780 1087 καὶ
799 1023 840 1106 δὴ
855 1021 1031 1089 συνέπιπτε
1045 1023 1127 1087 ὥστε

122 1125 208 1209 ὁμοῦ
226 1143 340 1209 σφεων
358 1129 512 1209 γίνεσθαι
526 1128 587 1210 τὴν
601 1128 814 1193 κατάστασιν·
833 1125 1050 1212 ἐπανέμειναν
1063 1128 1126 1214 γάρ

123 1233 159 1298 οὸ
176 1230 350 1315 Ἀθηναῖοι
373 1233 609 1318 διατρίβοντες,
633 1227 671 1298 εὐ
694 1233 903 1318 ἐπιστάμενοι
921 1235 972 1299 ὅτι
989 1235 1127 1318 ἔμελλον

121 1339 381 1421 Λακεδαιμόνιοι
407 1339 590 1404 πεύσεσθαι
616 1340 738 1423 ἥκοντα
763 1341 852 1424 παρὰ
874 1348 934 1406 τοῦ
956 1339 1127 1423 βαρβάρου

122 1446 264 1528 άγγελον
296 1437 346 1508 ἐπ’
381 1443 557 1530 ὁμολογίη,
592 1447 782 1528 πυθόμενοί
808 1467 844 1509 τε
874 1443 1015 1529 πέμψειν
1045 1445 1127 1510 κατά

121 1550 220 1634 τάχος
247 1547 414 1634 ἀγγέλους.
461 1550 609 1633 ἐπίτηδες
632 1546 680 1616 ὦν
703 1550 850 1633 ἐποίευν,
881 1551 1127 1635 ἐνδεικνύμενοι

121 1667 209 1722 τοῖσι
236 1657 529 1740 Λακεδαιμονίοισι
560 1658 621 1740 την
654 1655 787 1722 ἑωυτῶν
814 1657 961 1742 γνώμην.
1007 1657 1051 1734 ὡς
1082 1653 1118 1722 δὲ
1130 1674 1178 1723 142

122 1763 286 1829 ἐπαύσατο
313 1760 420 1845 λέγων
443 1755 670 1847 Ἀλέξανδρος,
700 1761 927 1847 διαδεξάμενοι
952 1764 1067 1846 ἔλεγον
1096 1764 1130 1828 οί

122 1870 187 1935 άπὸ
210 1870 366 1951 Σπάρτης
388 1869 534 1951 άγγελοι·
558 1861 677 1952 Ἡμέας
700 1865 737 1932 δὲ
756 1870 904 1952 ἔπεμψαν
923 1870 1128 1952 Λακεδαιμό-

122 1998 191 2041 νιοι
214 1972 436 2059 δεησομένους
457 1972 568 2058 ὑμέων
591 1975 671 2059 μήτε
693 1975 856 2058 νεώτερον
878 1973 1004 2039 ποιέειν
1023 1971 1127 2059 μηδὲν

122 2083 204 2146 κατὰ
230 2081 291 2164 την
314 2076 455 2146 Ἑλλάδα
477 2082 557 2164 μήτε
584 2082 705 2162 λόγους
731 2078 926 2145 ἐνδέκεσθαι
953 2082 1041 2165 παρά
1066 2089 1127 2145 τοῦ

123 2187 304 2274 βαρβάρου.
354 2187 430 2252 οὐτε
461 2187 525 2271 γάρ
556 2187 686 2251 δίκαιον
717 2186 871 2270 οὐδαμῶς
899 2186 975 2250 οὐτε
1001 2188 1127 2270 κόσμον

124 2293 229 2379 φέρον
258 2293 333 2358 οὐτε
354 2316 392 2376 γε
420 2293 549 2358 άλλοισι
572 2287 739 2375 Ἑλλήνων
767 2292 942 2375 οὐδαμοῖσι
949 2339 959 2375 ,
987 2291 1067 2376 ὑμῖν
1090 2293 1127 2357 δὲ

125 2400 166 2484 δη
193 2397 248 2464 καὶ
277 2400 333 2464 διὰ
359 2399 494 2465 πάντων
520 2398 638 2481 ἥκιστα
663 2403 796 2463 πολλῶν
824 2397 945 2463 εἵνεκα·
977 2398 1127 2485 ἠγείρατε
1198 2445 1203 2453 -

123 2509 187 2593 γάρ
214 2507 311 2573 τόνδε
337 2508 396 2573 τὸν
418 2509 563 2590 πόλεμον
592 2504 686 2589 ὑμεῖς
709 2500 809 2570 οὐδὲν
836 2503 947 2589 ἡμέων
969 2502 1126 2588 βουλομέ-

123 2637 209 2697 νων,
236 2610 291 2678 ιιαὶ
317 2611 392 2697 περὶ
419 2620 477 2695 τῆς
503 2609 661 2694 ὑμετέρης
688 2609 792 2694 ἀρχὴν
820 2608 839 2674 ὁ
867 2609 958 2692 άγδον
984 2607 1127 2691 ἐγένετο·

125 2729 188 2786 νῦν
216 2717 253 2784 δὲ
281 2717 375 2804 φέρει
405 2714 460 2782 καὶ
488 2715 521 2793 ἐς
547 2724 656 2780 πᾶσαν
683 2717 744 2798 τὴν
766 2711 917 2781 Ἐλλάδα.
961 2715 1067 2790 άλλως
1093 2735 1128 2777 τε

123 2827 252 2893 τούτων
284 2825 439 2890 ἁπάντων
465 2823 591 2898 αἰτίους
617 2820 776 2904 γενέσθαι
804 2819 1011 2902 δουλοσύνης
1041 2829 1128 2882 τοῖσι

125 2931 261 3014 Ἕλλησι
275 2929 475 3012 Ἀθηναίους
489 2927 642 3011 οὐδαμῶς
656 2926 847 3010 ἀνασχετόν,
862 2925 982 3000 οἵτινες
995 2920 1060 2987 αἰεί
1073 2921 1127 2988 καὶ

122 3040 161 3104 τὸ
174 3039 275 3103 πάλαι
288 3038 452 3121 φαίνεσθε
470 3034 614 3108 πολλοὺς
627 3031 910 3116 ἐλευθερώσαντες
928 3028 1126 3112 ἀνθρώπων.

123 3141 363 3228 πιεζευμένοισι
377 3139 490 3226 μέντοι
503 3139 583 3223 ὑμῖν
597 3138 845 3220 συναχθόμεθα,
859 3131 914 3200 καὶ
928 3135 979 3200 ὁτι
991 3143 1127 3220 καρπῶν

124 3249 322 3336 ἐστερηθητε
349 3245 450 3325 διξῶν
477 3246 541 3329 ἤδη
568 3241 623 3308 καί
651 3243 701 3308 ὅτι
729 3243 981 3328 οίκοφθόρησθε
1003 3243 1127 3326 χρόνον

122 3357 187 3440 ὐδη
215 3357 348 3420 πολλόν.
394 3349 468 3419 άντὶ
497 3351 625 3415 τούτων
648 3345 686 3414 δέ
708 3347 788 3434 ὑμῖν
811 3349 1072 3431 Λακεδαιμόνιοί
1091 3369 1126 3412 τε

121 3459 178 3528 καὶ
201 3463 236 3526 οἱ
256 3461 420 3545 σύμμαχοι
443 3455 699 3541 ἐπαγγέλλονται
721 3456 879 3540 γυναῖκάς
895 3478 931 3520 τε
953 3451 1008 3520 ναί
1030 3454 1070 3520 τά
1093 3453 1126 3531 ἐς
