2632 3970
213 277 277 341 358
622 276 810 334 HERODOTI

212 421 317 484 πολλά
340 419 556 506 ἀπαγορεύων
583 418 684 488 οὐδὲν
705 423 801 505 ἤνυε,
826 423 1027 506 συμβάλλειν
1050 419 1112 487 οὐκ
1135 421 1208 486 ἐῶν·
1299 447 1300 480 1

212 524 347 608 ἐποίησέ
375 549 410 592 τε
442 527 541 604 αὐτὸς
570 527 683 591 τοιάδε
713 527 758 604 ὡς
787 527 849 592 οὐκ
880 526 1098 612 ἀρεσκόμενος
1128 537 1210 592 τοῖσι

211 633 379 716 πρήγμασι
391 642 479 697 τοῖσι
492 632 528 697 ἐκ
541 633 741 717 Μαρδονίου
754 632 989 717 ποιευμένοισι.
1021 643 1089 697 τῶν
1103 632 1211 717 ἐστρα-

211 738 306 820 τήγεε
330 735 524 822 Ἀρτάβαζος
555 732 636 822 (εἶχε
662 733 700 802 δὲ
728 738 872 823 δύναμιν
902 737 963 802 οὐκ
989 737 1106 821 ὀλίγην
1134 737 1212 803 άλλὰ

211 841 266 908 καὶ
298 843 332 920 ἐς
362 843 517 928 τέσσερας
549 844 712 927 μυριάδας
743 843 934 930 ἀνθρώπων
962 841 1038 928 περὶ
1065 841 1212 931 ἑωυτόν),

211 950 364 1032 τούτους,
398 950 481 1025 ὅκως
509 948 530 1032 ἡ
559 950 707 1032 συμβολὴ
735 949 876 1033 ἐγίνετο,
905 945 943 1015 εὖ
970 949 1214 1034 ἐξεπιστάμενος
1299 953 1300 960 ’

212 1057 251 1120 τά
278 1057 391 1140 ἔμελλε
418 1054 647 1139 ἀποβήσεσθαι
669 1055 732 1121 άπὸ
754 1063 814 1139 τῆς
835 1057 953 1140 μάχης,
977 1051 1036 1139 ἦγε
1058 1078 1214 1144 κατηρτη-

212 1160 333 1246 μένως,
363 1165 583 1246 παραγγείλας
605 1163 687 1227 κατά
713 1161 818 1254 τώυτὸ
848 1160 932 1227 ίίναι
958 1161 1082 1238 πάντας
1107 1169 1147 1245 τῇ
1173 1160 1215 1226 ἂν

212 1267 311 1344 αὐτὸς
330 1266 509 1351 ἐξηγέηται,
531 1268 615 1344 ὅκως
633 1266 676 1332 άν
693 1267 794 1332 αὐτὸν
814 1268 916 1352 ὁρῶσι
930 1268 1077 1350 σπουδῆς
1091 1269 1215 1350 ἔχοντα.
1299 1267 1300 1274 '

212 1381 313 1438 ταῦτα
331 1377 551 1458 παραγγείλας
569 1373 613 1449 ὡς
627 1373 660 1450 ἐς
676 1373 783 1458 μάχην
796 1369 855 1457 ἦγε
870 1375 975 1456 δῆθεν
988 1374 1048 1438 τὸν
1062 1375 1215 1457 στρατόν·

212 1477 399 1564 προτερέων
427 1474 465 1544 δὲ
491 1488 548 1562 τῆς
575 1478 657 1544 ὀδοῦ
685 1479 754 1564 ὥρα
780 1476 835 1544 καὶ
863 1479 904 1561 δὴ
933 1479 1117 1563 φεύγοντας
1137 1480 1217 1555 τοὺς
1299 1509 1300 1570 3

212 1583 353 1669 Πέρσας.
391 1585 477 1649 οὕτω
497 1584 537 1667 δη
562 1582 672 1648 οὐκέτι
689 1585 749 1648 τὸν
767 1584 870 1648 αὐτὸν
887 1586 1013 1668 κόσμον
1030 1583 1216 1667 κατηγέετο,
1299 1603 1300 1668 3

213 1689 294 1756 άλλδι
312 1691 374 1773 τὴν
390 1691 547 1774 ταχίστην
566 1689 715 1774 ἐτρόχαζε
734 1691 869 1773 φεύγων
889 1690 964 1754 οὔτε
983 1689 1016 1766 ἐς
1028 1691 1066 1754 τὸ
1082 1689 1216 1768 ξύλινον
1299 1689 1300 1704 ’

212 1806 317 1880 τεῖχος
335 1795 412 1860 οὔτε
430 1795 463 1872 ές
481 1797 518 1860 τὸ
538 1799 693 1878 Θηβαίων
710 1806 816 1880 τεῖχος
835 1793 905 1860 ἀλλ’
928 1795 961 1872 ἐς
980 1793 1123 1878 Φωκέας,
1143 1795 1217 1861 ἐθέ-

162 1925 194 1974 67
215 1906 283 1966 λων
306 1901 350 1978 ὡς
372 1901 506 1986 τάχιστα
529 1899 581 1966 ἐπὶ
603 1902 662 1966 τὸν
676 1897 919 1984 Ἑλλήσποντον
941 1900 1125 1967 ἀπικέσθαι.
1160 1901 1217 1966 καλ

214 2009 254 2090 δη
275 2002 367 2072 οὗτοι
386 2003 446 2092 μέν
464 2008 565 2092 ταύτῃ
580 2007 774 2091 ἐτράποντο·
796 2017 863 2072 τῶν
879 2003 916 2071 δὲ
929 2008 1039 2072 ἄλλων
1048 2005 1219 2090 Ἑλλήνων

212 2123 279 2178 τῶν
298 2114 378 2198 μετά
392 2112 544 2210 βασιλεὲος
558 2111 843 2178 ἐθελοκακεόντων
856 2111 998 2178 Βοιωτοὶ
1009 2108 1219 2196 ’Λθηναίοισι

213 2218 413 2302 ἐμαχέσαντο
436 2222 559 2304 χρόνον
578 2216 630 2283 ἐπὶ
649 2221 786 2303 συχνόν·
810 2220 846 2284 οί
860 2220 923 2304 γάρ
942 2221 1132 2304 μηδίζοντες
1149 2230 1219 2284 τῶν

213 2324 384 2406 Θηβαίων,
417 2320 510 2389 οὗτοι
542 2319 632 2408 εἶχον
661 2328 854 2409 προθυμίην
885 2325 946 2390 οὐκ
974 2326 1090 2410 ὀλίγην
1116 2328 1219 2410 μαχό-

214 2431 313 2513 μενοί
321 2451 357 2492 τε
374 2427 429 2493 καὶ
448 2429 509 2494 οὐκ
527 2429 807 2513 ἐθελοκακέοντες,
828 2431 914 2496 οὕτω
934 2432 1015 2496 ὥστε
1033 2433 1219 2516 τριηκόσιοι

214 2534 324 2602 αὐτῶν
344 2535 379 2598 οί
393 2545 518 2619 πρῶτοι
536 2532 589 2598 καὶ
604 2535 732 2620 άριστοι
746 2536 893 2602 ἐνθαῦτα
907 2539 1025 2602 ἔπεσον
1042 2537 1107 2602 ὑπὸ
1119 2531 1220 2619 Ἀθη-

214 2645 332 2708 ναίωυ·
364 2641 408 2717 ὡς
435 2635 472 2705 δὲ
499 2640 677 2726 ἐτράποντο
707 2639 762 2706 καὶ
790 2637 897 2726 οὗτοι,
927 2645 1070 2727 ἔφευγον
1099 2642 1134 2719 ἐς
1160 2643 1220 2718 τὰς

215 2751 341 2832 Θήβας,
369 2747 421 2818 οὐ,
436 2755 475 2832 τῇ
498 2768 559 2831 περ
587 2748 622 2812 οί
642 2747 777 2832 Πέρσαι.
823 2746 877 2812 καλ
903 2759 970 2813 τῶν
997 2749 1107 2814 άλλων
1135 2763 1220 2832 συμ

214 2855 327 2940 μάχων
350 2853 368 2920 ὁ
392 2863 455 2930 πᾶς
477 2853 591 2938 ὅμιλος
614 2853 689 2918 οὔτε
709 2855 988 2939 διαμαχεσάμενος
1007 2853 1121 2921 οὐδενὶ
1141 2856 1220 2920 οὔτε
1298 2931 1300 2944 ⁴

161 2981 195 3030 σε
213 2985 245 3026 τι
268 2958 509 3044 ἀποδεξάμενος
531 2961 684 3042 ἔφευγον.
725 2960 823 3040 δηλοῖ
842 2959 880 3024 τέ
900 2983 956 3044 μοι
979 2961 1029 3025 ὅτι
1051 2962 1160 3026 πάντα
1177 2962 1222 3025 τά

213 3069 385 3152 πρήγματα
398 3077 466 3131 τῶν
475 3064 655 3150 βαρβάρων
668 3065 788 3148 ἤρτητο
804 3063 839 3128 ἐκ
850 3063 1016 3148 Περσέων,
1032 3067 1064 3130 εί
1074 3065 1129 3132 καὶ
1143 3069 1221 3133 τότε

214 3169 307 3239 οὗτοι
322 3170 401 3256 πρὶν
419 3171 440 3255 ἢ
454 3169 508 3236 καὶ
522 3170 677 3255 συμμίξαι
691 3181 777 3245 τοῖσι
791 3173 976 3255 πολεμίοισι
990 3173 1146 3255 ἔφευγον,
1167 3173 1223 3237 ὄτι

213 3276 363 3354 καὶτοὺς
382 3277 513 3362 Πέρσας
532 3277 636 3361 ὥρων.
674 3277 759 3341 οὕτω
777 3299 811 3340 τε
829 3276 948 3353 πάντες
966 3278 1111 3361 ἔφευγον
1128 3279 1223 3362 πλὴν

213 3391 271 3466 τῆς
297 3383 399 3447 ἵππου
426 3390 483 3464 τῆς
509 3404 544 3446 τε
572 3382 671 3465 άλλης
698 3379 752 3446 καὶ
779 3389 836 3464 τῆς
861 3385 1034 3466 Βοιωτίης·
1066 3384 1151 3468 αὕτη
1181 3380 1223 3449 δὲ

213 3495 357 3551 τοσαῦτα
374 3486 586 3570 προσωφέλεε
603 3489 682 3563 τοὺς
699 3487 894 3570 φεύγοντας,
913 3489 981 3554 οιίεί
995 3511 1029 3553 τε
1047 3491 1131 3572 πρὸς
1149 3502 1224 3556 τῶν
