2640 3960
400 285 467 341 ΜΒ.
482 287 515 340 v.
553 285 808 342 omna-119.
1074 283 1118 350 63

111 425 243 514 Πέρσαι
271 432 463 513 στρατηγοί,
491 431 621 514 ἔχοντες
647 428 701 495 καὶ
729 425 822 496 οὗτοι
844 432 992 516 Δαρείου
1015 437 1120 515 θυγα-

109 534 224 620 τέρας,
252 533 482 613 ἐπιδιώξαντες
508 538 586 613 τοὺς
613 535 646 612 ἐς
669 536 796 620 Σάρδις
818 535 1122 621 στρατευσαμένους

108 637 233 706 Ἱώνων
259 642 314 704 καί
342 639 556 727 ἐσαράξαντές
583 657 687 725 σφεας
715 641 749 718 ἐς
775 643 832 718 τὰς
853 642 945 725 νέας,
972 651 1012 727 τῇ
1035 643 1121 728 μάχη

112 747 158 823 ώς
181 745 418 833 ἐπεκράτησαν,
444 749 482 812 τὸ
505 746 664 813 ἐνθεῦτεν
687 747 927 831 ἐπιδιελόμενοι
948 749 1005 824 τδις
1027 751 1123 825 πόλις

111 852 288 938 ἐπόρθεον.
332 844 506 938 Δαυρίσης
541 849 602 938 μέν
638 855 843 938 τραπόμενος
874 854 956 939 πρὸς
987 854 1044 930 τὰς
1077 853 1174 919 &vm

108 955 340 1046 Ἑλλησπόντῳ
358 961 453 1035 πόλις
471 951 537 1024 εἷλε
555 954 618 1044 μὲν
630 960 824 1044 Δάρδανον,
843 951 909 1024 εἷλε
928 956 1122 1042 δὲ”Δβυδόν

111 1088 149 1130 τε
176 1062 231 1130 καλ
254 1066 435 1149 Περκώτην
461 1064 516 1130 καὶ
539 1065 725 1149 Λάμψακον
747 1063 802 1131 καὶ
825 1068 971 1131 Παισόν·
1002 1065 1124 1142 ταύτας

112 1167 177 1255 μὲν
199 1168 249 1236 ἐπ’
275 1169 379 1256 ἡμέρη
403 1168 520 1256 ἑκάστη
542 1170 640 1256 αἵρεε,
659 1171 722 1236 ἀπὸ
742 1166 779 1236 δὲ
797 1175 930 1236 Παισοῦ
948 1169 1127 1236 ἐλαύνοντί

112 1277 150 1342 οί
170 1274 223 1342 ἐπὶ
247 1277 377 1362 Πάριον
399 1279 497 1342 πόλιν
519 1271 604 1360 ἦλθε
627 1277 762 1360 ἀγγελίη
785 1279 863 1353 τοὺς
882 1280 995 1362 Κᾶρας
1016 1275 1123 1342 τώυτὸ

114 1381 209 1448 Ἴωσι
228 1384 462 1468 φρονήσαντας
480 1382 661 1448 ἀπεστάναι
679 1383 742 1448 ἀπὸ
758 1381 926 1469 Περσέων.
966 1379 1125 1467 ἀποστρέ-

114 1499 181 1567 ψας
203 1484 251 1554 ών
274 1488 310 1554 ἐκ
331 1497 393 1553 τοῦ
411 1483 657 1571 Ἑλλησπόντου
679 1490 803 1571 ἤλαυνε
825 1490 885 1554 τὸν
908 1491 1049 1573 στρατὸν
1070 1485 1124 1554 ἐπί
1217 1484 1218 1489 ’

112 1597 176 1679 την
198 1597 338 1680 Καρίην.
383 1597 443 1658 καί
465 1617 531 1671 κως
556 1603 659 1659 ταῦτα
685 1605 772 1660 τοῖσι
794 1592 904 1680 Καρσὶ
932 1593 1177 1678 ἐξαγγέλθηιισ

112 1702 278 1784 πρότερον
304 1699 326 1784 ἢ
353 1701 413 1766 τὸν
435 1703 613 1785 Δαυρίσην
640 1698 826 1766 ἀπικέσθαι.
871 1703 1059 1785 πυθόμενοι
1086 1696 1124 1766 δὲ

114 1807 152 1872 οί
175 1809 285 1893 Κᾶρες
316 1803 534 1888 συνελέγοντο
562 1803 615 1872 ἐπὶ
638 1806 768 1883 Λευκάς
794 1829 830 1871 τε
859 1808 980 1890 στήλας
1011 1811 1124 1872 καλεο·

114 1911 217 1996 μένας
233 1910 288 1977 καὶ
306 1913 455 1996 ποταμὸν
473 1913 651 1998 Μαρσύην,
672 1911 708 1989 ὃς
727 1909 812 1995 ῥέων
831 1911 867 1978 ἐκ
885 1921 942 1996 τῆς
961 1909 1125 1992 Ἰδριάδος

113 2005 225 2103 χώρης
256 2017 290 2094 ἐς
316 2019 375 2082 τὸν
401 2018 603 2102 Μαίανδρον
630 2017 765 2083 ἐκδιδοῖ.
805 2015 1056 2102 συλλεχθέντων
1088 2012 1127 2084 δέ

114 2135 184 2190 τών
202 2126 325 2209 Καρῶν
344 2124 492 2189 ἐνθαῦτα
515 2123 665 2207 ἐγίνοντο
689 2121 808 2208 βουλαὶ
830 2124 927 2188 άλλαι
948 2146 983 2188 τε
1005 2121 1125 2188 πολλαὶ

116 2228 172 2295 καὶ
204 2229 320 2314 ἀρίστη
352 2253 390 2312 γε
423 2226 586 2294 δοκέουσα
617 2223 703 2295 εἶναι
734 2226 806 2314 ἐμοὶ
834 2228 1033 2314 Πιξωδάρου
1064 2237 1126 2295 τοῦ

116 2337 313 2404 Μαυσώλου
345 2335 469 2420 ἀνδρὸς
495 2333 675 2417 Κινδυέος,
708 2335 746 2412 ὃς
771 2343 832 2400 τοῦ
858 2338 1005 2400 Κιλίκων
1033 2338 1126 2419 βασι-

115 2440 192 2519 λέος
219 2439 423 2518 Συεννέσιος
451 2435 517 2526 εἶχε
543 2439 722 2527 θυγατέρα.
767 2441 888 2506 τούτου
914 2450 975 2507 τοῦ
1003 2441 1127 2528 ἀνδρὸς

115 2549 139 2632 ἡ
161 2548 276 2633 γνώμη
300 2549 398 2633 ἔφερε
421 2546 599 2630 διαβάντας
620 2547 680 2613 τὸν
697 2548 898 2632 Μαιάνδρον
916 2549 995 2623 τοὺς
1012 2550 1128 2633 Κᾶρας

116 2651 174 2720 καὶ
200 2655 283 2718 κατά
310 2653 421 2718 νώτου
448 2655 584 2736 ἔχοντας
609 2653 668 2718 τὸν
695 2654 844 2737 ποταμὸν
872 2653 958 2718 οὕτω
982 2653 1126 2736 συμβάλ-

117 2765 205 2843 λειν,
233 2759 289 2824 ἵνα
316 2760 360 2844 μὴ
388 2761 518 2843 ἔχοντες
545 2758 649 2824 ὀπίσω
673 2759 811 2842 φεύγειν
838 2759 874 2824 οί
893 2761 1002 2842 Κᾶρες
1023 2758 1129 2824 αὐτοῦ

117 2889 154 2931 τε
186 2863 299 2951 μένειν
331 2865 590 2949 ἀναγκαζόμενοι
617 2867 766 2947 γινοίατο
798 2866 846 2928 ἔτι
873 2863 1044 2946 ἀμείνονες
1069 2871 1128 2946 τῆς

119 2973 249 3056 φύσιος.
286 2971 369 3054 αὕτη
392 2970 454 3055 μέν
476 2995 540 3036 νυν
564 2970 625 3036 οὐκ
643 2970 735 3037 ἐνίκα
752 2968 773 3052 ἡ
792 2969 917 3052 γνώμη,
941 2967 1023 3032 ἀλλὰ
1040 2978 1127 3033 τοῖσι

119 3076 271 3163 Πέρσησι
293 3078 374 3142 κατὰ
395 3073 509 3143 νώτου
527 3079 683 3160 γίνεσθαι
705 3076 764 3140 τὸν
782 3074 983 3158 Μαίανδρον
1001 3078 1127 3157 μᾶλλον

117 3183 140 3268 ἢ
162 3187 275 3267 σφίσι,
298 3183 425 3266 δηλαδὴ
453 3182 496 3266 ἣν
523 3183 613 3266 φυγὴ
636 3193 704 3246 τῶν
728 3179 886 3265 Περσέων
915 3177 1050 3262 γένηται
1071 3178 1127 3244 καὶ

118 3287 174 3354 καί
198 3287 391 3354 ἑσσωθέωσι
413 3297 452 3372 τῇ
475 3290 635 3372 συμβολῇ,
659 3286 704 3362 ώς
728 3285 790 3350 οὐκ
812 3285 1128 3369 ἀπονοστήσουσι-ἐς

118 3397 179 3461 τὸν
210 3394 361 3478 ποταμὸν
393 3393 610 3469 ἐσπίπτοντες.
655 3393 734 3476 μετὰ
772 3386 809 3456 δὲ
840 3393 1031 3478 παρεόντων
1062 3389 1181 3457 καίειν

121 3500 311 3584 διαβάντων
333 3499 392 3565 τὸν
413 3499 611 3584 Μαίανδρον
636 3509 704 3564 τών
723 3495 881 3584 Περσέων
904 3496 1051 3562 ἐνθαῦτα
1067 3494 1126 3562 ἐπὶ
