2632 3970
412 257 478 314 LIB.
494 258 540 312 IX.
578 259 655 314 cAP.
675 265 794 315 ’λθ-73.
1045 261 1106 327 361

104 410 162 486 τῆς
188 402 374 487 παρεούσης
402 403 438 469 οί
457 405 577 486 αἰτίης,
605 404 778 468 λυσσῶντά
800 427 835 469 τε
857 403 912 470 καὶ
935 405 1111 472 ἐκλιπόντα

105 508 167 591 τήν
189 507 282 586 τάξιν
305 511 384 594 ἐργα
407 509 632 589 ἀποδέξασθαι
655 510 793 594 μεγάλα,
818 513 1049 578 Ποσειδώνιον
1073 510 1110 578 δέ

106 614 148 678 οὐ
174 617 381 700 βουλόμενον
403 615 630 700 ἀποθνήσκειν
652 617 760 700 ἀνδρα
782 614 940 699 γενέσθαι
963 618 1111 702 ἀγαθόν·

105 722 253 809 τοσούτω
285 730 405 788 τοῦτον
432 717 517 788 εἶναι
544 722 676 806 ἀμείνω.
722 722 804 788 ἀλλά
835 730 937 788 ταῦτα
968 719 1029 808 μὲν
1054 723 1110 790 καὶ

105 829 227 914 φθόνῳ
259 826 302 892 ἀν
333 833 471 894 εἴποιεν·
504 823 597 894 οὗτοι
627 825 664 894 δὲ
695 830 774 905 τοὺς
800 825 953 906 κατέλεξα
980 830 1110 913 πάντες,

105 933 192 1017 πλήν
218 929 472 1020 Ἀριστοδήμου,
504 945 571 1000 τῶν
602 934 844 1000 ἀποθανόντων
876 934 913 1000 έν
939 936 1041 1021 ταύτῃ
1071 945 1111 1021 τῇ

106 1039 192 1125 μάχη
209 1043 312 1126 τίμιοι
330 1038 495 1124 ἐγένοντο,
511 1037 744 1126 Ἀριστόδημος
763 1037 799 1107 δέ
816 1043 1019 1125 βουλόμενος
1032 1041 1111 1107 ἀπο-

105 1152 227 1212 θανεῖν
241 1147 296 1211 διά
309 1148 371 1230 τήν
383 1147 626 1233 προειρημένην
640 1149 750 1230 αἰτίην
763 1147 825 1214 οὐκ
839 1147 987 1232 ἐτιμήθη.
1017 1143 1112 1214 οὗτοι
1131 1166 1166 1215 *12

106 1248 167 1338 μὲν
185 1262 252 1318 τῶν
271 1253 308 1318 ἐν
322 1258 507 1338 Πλαταιῇσι
526 1254 785 1339 ὀνομαστότατοι
799 1252 962 1336 ἐγένοντο.
990 1257 1112 1319 Καλλι-

105 1359 228 1445 κράτης
248 1361 312 1446 γάρ
335 1358 395 1438 ἔξω
418 1369 475 1444 τῆς
497 1360 601 1446 μάχης
623 1359 780 1442 ἀπέθανε,
804 1359 914 1425 ἐλθὼν
933 1359 1018 1446 ἀνήρ
1036 1361 1112 1426 κάλ-

106 1469 218 1542 λιστος
235 1464 269 1542 ἐς
281 1467 319 1532 τὸ
333 1468 558 1552 στρατόπεδον
570 1477 638 1532 τῶν
651 1468 724 1532 τότε
734 1462 912 1549 Ἑλλήνων,
930 1466 971 1532 οὐ
985 1475 1114 1550 μοῦνον

107 1571 218 1638 αὐτῶν
237 1573 510 1658 Λακεδαιμονίων
533 1570 692 1638 ἀλλὰκαὶ
716 1583 783 1637 τῶν
805 1573 916 1637 ἀλλων
930 1569 1113 1656 Ἑλλήνων·

107 1678 159 1759 ὅς,
187 1676 299 1761 ἐπειδή
327 1678 539 1762 ἐσφαγιάζετο
562 1681 772 1762 Παυσανίης,
800 1680 982 1762 κατήμενος
1009 1679 1047 1744 ἐν
1073 1687 1113 1764 τῇ

107 1781 179 1861 τάξι
211 1783 440 1868 ἐτρωματίσθη
473 1782 645 1868 τοξεύματι
674 1785 714 1848 τά
745 1783 879 1870 πλευρά.
923 1781 979 1848 καλ
1010 1785 1052 1868 δή
1081 1785 1117 1849 οί

108 1885 170 1975 μὲν
193 1889 364 1975 ἐμάχοντο,
387 1889 406 1956 ὁ
429 1883 461 1954 δ’
481 1887 748 1974 ἐξενηνειγμένος
766 1887 991 1955 ἐδυσθανάτεέ
1006 1913 1041 1954 τε
1058 1889 1114 1956 καὶ

109 1999 200 2079 ἔλεγε
222 1997 305 2080 πρὸς
323 1994 541 2081 Ἀρίμνηστον
564 1997 671 2081 ἀνδρα
694 1994 861 2061 Πλαταιέα
884 1995 926 2060 οὐ
948 1993 1059 2079 μέλειν
1081 1997 1118 2060 ol

109 2103 161 2167 ότι
183 2103 246 2187 πρὸ
269 2111 326 2186 τῆς
342 2098 501 2180 Ἑλλάδος
521 2101 740 2184 ἀποθνήσκει,
764 2097 835 2166 ἀλλ’
863 2101 914 2166 ὅτι
937 2099 998 2165 οὐκ
1021 2100 1114 2186 ἐχρή-

109 2223 190 2273 σατο
205 2215 245 2292 τῇ
258 2207 344 2294 χειρὶ
357 2207 411 2273 καὶ
426 2209 477 2273 ὄτι
490 2205 591 2274 οὐδέν
605 2207 678 2272 ἐστί
689 2208 724 2272 οἱ
735 2205 1000 2289 ἀποδεδεγμένον
1015 2209 1114 2291 ἔργον

112 2313 238 2380 ἑωυτοῦ
256 2314 349 2394 ἀξιον
367 2313 646 2400 προθυμευμένου
663 2311 896 2392 ἀποδέξασθαι.
926 2309 1114 2396 Ἀθηναίων
1134 2332 1168 2382 τε

111 2418 148 2486 δέ
180 2421 307 2505 λέγεται
334 2421 548 2507 εὐδοκιμῆσαι
574 2419 743 2504 Σωφάνης
770 2418 789 2486 ὁ
815 2419 1021 2503 Εὐτυχίδεω,
1050 2420 1115 2486 έων

112 2529 220 2612 δήμου
235 2533 453 2612 Δεκελεῆθεν,
467 2525 639 2594 Δεκελέων
655 2523 693 2592 δὲ
706 2537 774 2591 τῶν
792 2549 867 2592 κοτε
881 2524 1115 2610 ἐργασαμένων

111 2636 211 2719 ἐργον
233 2637 395 2721 χρήσιμον
418 2635 451 2712 ές
473 2635 531 2700 τὸν
553 2633 660 2699 πάντα
683 2635 815 2717 χρόνον,
839 2633 884 2708 ὡς
906 2629 1001 2696 αὐτοὶ
1017 2626 1116 2714 Ἀθη-

110 2752 200 2808 ναῖοι
219 2739 361 2824 λέγουσι.
400 2741 444 2818 ὡς
461 2741 525 2824 γάρ
544 2740 585 2822 δή
603 2740 641 2804 τὸ
659 2739 759 2804 πάλαι
777 2738 858 2803 κατὰ
872 2733 1006 2819 Ἑλένης
1023 2759 1115 2819 κομι-

112 2850 175 2932 δήν
207 2848 411 2933 Τυνδαρίδαι
444 2845 602 2929 ἐσέβαλον
634 2844 668 2920 ἐς
698 2852 761 2927 γῆν
792 2843 854 2925 τήν
877 2838 1024 2924 Ἀττικήν
1051 2843 1117 2905 σὺν

7 2969 8 2974 ’
112 2963 255 3040 στρατοῦ
272 2955 396 3037 πλήθει·
411 2951 466 3018 καὶ
480 2952 661 3018 ἀνίστασαν
674 2951 752 3026 τοὺς
766 2949 903 3032 δήμους,
919 2947 980 3011 οὐκ
994 2947 1118 3022 είδότες

111 3063 167 3127 ’ίνα
194 3059 379 3138 ὑπεξέκειτο
401 3059 422 3142 ή
441 3055 567 3140 Ἑλένη,
591 3054 821 3138 τότελέγουσι
843 3055 921 3129 τοὺς
943 3050 1117 3136 Δεκελέας,

112 3169 148 3234 οί
175 3165 212 3232 δέ
240 3167 342 3232 αὐτὸν
368 3164 516 3230 Δέκελον
543 3163 734 3247 ἀχθόμενόν
760 3183 796 3225 τε
823 3167 862 3244 τῇ
887 3157 1012 3242 Θησέος
1037 3157 1117 3243 ὕβρι

110 3272 167 3340 καὶ
190 3275 402 3359 δειμαίνοντα
421 3267 497 3355 περὶ
515 3268 602 3353 τάση
621 3275 661 3352 τή
676 3263 866 3349 Ἀθηναίων
883 3265 984 3349 χώρη,
1003 3263 1116 3347 ἐξηγη-

112 3380 259 3463 σάμενόν
287 3397 347 3464 σφι
373 3379 410 3443 τὸ
442 3385 509 3444 πᾶν
541 3383 673 3459 πρῆγμα
702 3373 953 3455 κατηγήσασθαι
980 3367 1032 3435 ἐπὶ
1059 3371 1118 3446 τάς

108 3482 277 3570 Ἀφίδνας,
295 3486 352 3562 τὰς
368 3484 409 3567 δή
427 3482 574 3562 Τιτακός,
594 3479 658 3544 ἐὼν
673 3477 860 3562 αὐτόχθων,
879 3477 1116 3559 καταπροδιδοῖ
