<?xml version="1.0" encoding="UTF-8"?>
<!DOCTYPE html PUBLIC "-//W3C//DTD XHTML 1.0 Transitional//EN"
    "http://www.w3.org/TR/xhtml1/DTD/xhtml1-transitional.dtd">
<html xmlns="http://www.w3.org/1999/xhtml" xml:lang="en" lang="en">
 <head>
  <title>
</title>
<meta http-equiv="Content-Type" content="text/html;charset=utf-8" />
  <meta name='ocr-system' content='tesseract 3.04.00' />
  <meta name='ocr-capabilities' content='ocr_page ocr_carea ocr_par ocr_line ocrx_word'/>
</head>
<body>
  <div class='ocr_page' id='page_1' title='image "./herodotihistori07herogoog_0422.png"; bbox 0 0 2632 3970; ppageno 0'>
   <div class='ocr_carea' id='block_1_1' title="bbox 411 284 1104 356">
    <p class='ocr_par' dir='ltr' id='par_1_1' title="bbox 411 284 1104 356">
     <span class='ocr_line' id='line_1_1' title="bbox 411 284 1104 356; baseline 0.025 -16"><span class='ocrx_word' id='word_1_1' title='bbox 411 284 476 342; x_wconf 62' lang='lat' dir='ltr'>121ss.</span> <span class='ocrx_word' id='word_1_2' title='bbox 492 285 538 342; x_wconf 78' lang='lat' dir='ltr'><strong><em>lx.</em></strong></span> <span class='ocrx_word' id='word_1_3' title='bbox 576 286 651 340; x_wconf 79' lang='grc' dir='ltr'><strong><em>υΔΡ.</em></strong></span> <span class='ocrx_word' id='word_1_4' title='bbox 673 293 794 344; x_wconf 78' lang='grc' dir='ltr'><strong><em>ιε-ει.</em></strong></span> <span class='ocrx_word' id='word_1_5' title='bbox 1037 291 1104 356; x_wconf 83' lang='grc'><strong><em>365</em></strong></span> 
     </span>
    </p>
   </div>
   <div class='ocr_carea' id='block_1_2' title="bbox 101 428 1178 3584">
    <p class='ocr_par' dir='ltr' id='par_1_2' title="bbox 101 428 1105 725">
     <span class='ocr_line' id='line_1_2' title="bbox 101 428 1105 520; baseline 0.007 -25"><span class='ocrx_word' id='word_1_6' title='bbox 101 431 363 514; x_wconf 74' lang='grc' dir='ltr'><strong><em>τελευτήσαντες.</em></strong></span> <span class='ocrx_word' id='word_1_7' title='bbox 399 432 442 495; x_wconf 89' lang='grc' dir='ltr'><strong><em>σὺ</em></strong></span> <span class='ocrx_word' id='word_1_8' title='bbox 460 428 573 515; x_wconf 89' lang='grc' dir='ltr'><strong><em>μέντοι</em></strong></span> <span class='ocrx_word' id='word_1_9' title='bbox 591 432 638 494; x_wconf 85' lang='grc' dir='ltr'><strong><em>ἐτι</em></strong></span> <span class='ocrx_word' id='word_1_10' title='bbox 657 433 741 514; x_wconf 81' lang='grc' dir='ltr'><strong><em>ἔχων</em></strong></span> <span class='ocrx_word' id='word_1_11' title='bbox 760 434 861 515; x_wconf 94' lang='grc' dir='ltr'><strong><em>λόγον</em></strong></span> <span class='ocrx_word' id='word_1_12' title='bbox 878 436 1009 501; x_wconf 88' lang='grc' dir='ltr'><strong><em>τοιόνδε</em></strong></span> <span class='ocrx_word' id='word_1_13' title='bbox 1025 439 1105 520; x_wconf 88' lang='grc' dir='ltr'><strong><em>μήτε</em></strong></span> 
     </span>
     <span class='ocr_line' id='line_1_3' title="bbox 101 535 1105 624; baseline 0.006 -22"><span class='ocrx_word' id='word_1_14' title='bbox 101 535 292 622; x_wconf 65' lang='grc' dir='ltr'><strong><em>προσέλθῃς</em></strong></span> <span class='ocrx_word' id='word_1_15' title='bbox 319 537 429 620; x_wconf 85' lang='grc' dir='ltr'><strong><em>ἔμοιγε</em></strong></span> <span class='ocrx_word' id='word_1_16' title='bbox 456 537 537 620; x_wconf 89' lang='grc' dir='ltr'><strong><em>μήτε</em></strong></span> <span class='ocrx_word' id='word_1_17' title='bbox 560 537 824 622; x_wconf 79' lang='grc' dir='ltr'><strong><em>συμβουλεύσῃς,</em></strong></span> <span class='ocrx_word' id='word_1_18' title='bbox 851 539 948 624; x_wconf 91' lang='grc' dir='ltr'><strong><em>χάριν</em></strong></span> <span class='ocrx_word' id='word_1_19' title='bbox 970 562 1004 606; x_wconf 91' lang='grc' dir='ltr'><strong><em>τε</em></strong></span> <span class='ocrx_word' id='word_1_20' title='bbox 1032 548 1105 608; x_wconf 76' lang='grc' dir='ltr'><strong><em>ἴσθι</em></strong></span> 
     </span>
     <span class='ocr_line' id='line_1_4' title="bbox 103 641 330 725; baseline -0.009 -17"><span class='ocrx_word' id='word_1_21' title='bbox 103 643 168 708; x_wconf 72' lang='grc' dir='ltr'><strong><em>ἐδεν</em></strong></span> <span class='ocrx_word' id='word_1_22' title='bbox 191 641 330 725; x_wconf 71' lang='grc' dir='ltr'><strong><em>ἀπαθής.</em></strong></span> 
     </span>
    </p>

    <p class='ocr_par' dir='ltr' id='par_1_3' title="bbox 101 745 1178 3584">
     <span class='ocr_line' id='line_1_5' title="bbox 187 745 1159 836; baseline 0.003 -22"><span class='ocrx_word' id='word_1_23' title='bbox 187 745 222 814; x_wconf 87' lang='grc' dir='ltr'><em>Ὁ</em></span> <span class='ocrx_word' id='word_1_24' title='bbox 248 745 310 832; x_wconf 76' lang='grc' dir='ltr'><strong><em>μέν</em></strong></span> <span class='ocrx_word' id='word_1_25' title='bbox 338 755 440 813; x_wconf 82' lang='grc' dir='ltr'><strong><em>ταῦτα</em></strong></span> <span class='ocrx_word' id='word_1_26' title='bbox 469 747 613 824; x_wconf 86' lang='grc' dir='ltr'><strong><em>ἀκούσας</em></strong></span> <span class='ocrx_word' id='word_1_27' title='bbox 639 748 879 814; x_wconf 79' lang='grc' dir='ltr'><strong><em>ἀπαλλάσσετο·</em></strong></span> <span class='ocrx_word' id='word_1_28' title='bbox 912 754 1106 836; x_wconf 78' lang='grc' dir='ltr'><strong><em>Παυσανίης</em></strong></span> <span class='ocrx_word' id='word_1_29' title='bbox 1124 776 1159 826; x_wconf 80' lang='lat'><strong><em>80</em></strong></span> 
     </span>
     <span class='ocr_line' id='line_1_6' title="bbox 103 850 1106 942; baseline 0.002 -23"><span class='ocrx_word' id='word_1_30' title='bbox 103 850 141 920; x_wconf 78' lang='grc' dir='ltr'><strong><em>δέ</em></strong></span> <span class='ocrx_word' id='word_1_31' title='bbox 167 856 319 941; x_wconf 88' lang='grc' dir='ltr'><strong><em>κήρυγμα</em></strong></span> <span class='ocrx_word' id='word_1_32' title='bbox 345 855 567 939; x_wconf 78' lang='grc' dir='ltr'><strong><em>ποιησάμενος</em></strong></span> <span class='ocrx_word' id='word_1_33' title='bbox 589 852 715 938; x_wconf 78' lang='grc' dir='ltr'><strong><em>μηδένα</em></strong></span> <span class='ocrx_word' id='word_1_34' title='bbox 739 855 901 919; x_wconf 77' lang='grc' dir='ltr'><strong><em>ἅπτεσθαι</em></strong></span> <span class='ocrx_word' id='word_1_35' title='bbox 923 865 981 939; x_wconf 77' lang='grc' dir='ltr'><strong><em>της</em></strong></span> <span class='ocrx_word' id='word_1_36' title='bbox 1002 860 1106 942; x_wconf 84' lang='grc' dir='ltr'><strong><em>ληίης,</em></strong></span> 
     </span>
     <span class='ocr_line' id='line_1_7' title="bbox 102 959 1107 1046; baseline 0.003 -22"><span class='ocrx_word' id='word_1_37' title='bbox 102 963 313 1044; x_wconf 79' lang='grc' dir='ltr'><strong><em>συγκομίζειν</em></strong></span> <span class='ocrx_word' id='word_1_38' title='bbox 340 959 467 1026; x_wconf 90' lang='grc' dir='ltr'><strong><em>ἐκέλευε</em></strong></span> <span class='ocrx_word' id='word_1_39' title='bbox 493 963 572 1036; x_wconf 84' lang='grc' dir='ltr'><strong><em>τοὺς</em></strong></span> <span class='ocrx_word' id='word_1_40' title='bbox 595 961 730 1037; x_wconf 80' lang='grc' dir='ltr'><strong><em>εἵλωτας</em></strong></span> <span class='ocrx_word' id='word_1_41' title='bbox 751 961 792 1024; x_wconf 86' lang='grc' dir='ltr'><strong><em>τά</em></strong></span> <span class='ocrx_word' id='word_1_42' title='bbox 813 963 968 1046; x_wconf 91' lang='grc' dir='ltr'><strong><em>χρήματα.</em></strong></span> <span class='ocrx_word' id='word_1_43' title='bbox 1015 963 1050 1026; x_wconf 88' lang='grc' dir='ltr'><strong><em>οί</em></strong></span> <span class='ocrx_word' id='word_1_44' title='bbox 1070 959 1107 1028; x_wconf 69' lang='grc' dir='ltr'><strong><em>δὲ</em></strong></span> 
     </span>
     <span class='ocr_line' id='line_1_8' title="bbox 103 1065 1106 1152; baseline 0.002 -22"><span class='ocrx_word' id='word_1_45' title='bbox 103 1065 167 1131; x_wconf 89' lang='grc' dir='ltr'><strong><em>ἀνά</em></strong></span> <span class='ocrx_word' id='word_1_46' title='bbox 188 1067 226 1130; x_wconf 88' lang='grc' dir='ltr'><strong><em>τὸ</em></strong></span> <span class='ocrx_word' id='word_1_47' title='bbox 246 1067 469 1150; x_wconf 90' lang='grc' dir='ltr'><strong><em>στρατόπεδον</em></strong></span> <span class='ocrx_word' id='word_1_48' title='bbox 488 1067 702 1151; x_wconf 76' lang='grc' dir='ltr'><strong><em>σκιδνάμενοι</em></strong></span> <span class='ocrx_word' id='word_1_49' title='bbox 720 1066 875 1152; x_wconf 88' lang='grc' dir='ltr'><strong><em>εύρισκον</em></strong></span> <span class='ocrx_word' id='word_1_50' title='bbox 893 1068 1015 1151; x_wconf 84' lang='grc' dir='ltr'><strong><em>σκηνάς</em></strong></span> <span class='ocrx_word' id='word_1_51' title='bbox 1032 1091 1106 1132; x_wconf 92' lang='grc' dir='ltr'><strong><em>κατ-</em></strong></span> 
     </span>
     <span class='ocr_line' id='line_1_9' title="bbox 103 1170 1107 1260; baseline 0.001 -23"><span class='ocrx_word' id='word_1_52' title='bbox 103 1170 345 1253; x_wconf 88' lang='grc' dir='ltr'><strong><em>εσκευασμένας</em></strong></span> <span class='ocrx_word' id='word_1_53' title='bbox 374 1180 485 1260; x_wconf 76' lang='grc' dir='ltr'><strong><em>χρυσῷ</em></strong></span> <span class='ocrx_word' id='word_1_54' title='bbox 513 1170 568 1237; x_wconf 80' lang='grc' dir='ltr'><strong><em>καὶ</em></strong></span> <span class='ocrx_word' id='word_1_55' title='bbox 595 1172 744 1260; x_wconf 80' lang='grc' dir='ltr'><strong><em>ἀργύρῳ,</em></strong></span> <span class='ocrx_word' id='word_1_56' title='bbox 772 1175 886 1249; x_wconf 81' lang='grc' dir='ltr'><strong><em>κλίνας</em></strong></span> <span class='ocrx_word' id='word_1_57' title='bbox 912 1195 947 1237; x_wconf 89' lang='grc' dir='ltr'><strong><em>τε</em></strong></span> <span class='ocrx_word' id='word_1_58' title='bbox 976 1173 1107 1259; x_wconf 89' lang='grc' dir='ltr'><strong><em>ἐπιχρύ-</em></strong></span> 
     </span>
     <span class='ocr_line' id='line_1_10' title="bbox 102 1274 1107 1364; baseline 0.003 -23"><span class='ocrx_word' id='word_1_59' title='bbox 102 1294 184 1354; x_wconf 89' lang='grc' dir='ltr'><strong><em>σους</em></strong></span> <span class='ocrx_word' id='word_1_60' title='bbox 201 1274 256 1342; x_wconf 79' lang='grc' dir='ltr'><strong><em>καί</em></strong></span> <span class='ocrx_word' id='word_1_61' title='bbox 275 1276 491 1363; x_wconf 89' lang='grc' dir='ltr'><strong><em>ἐπαργύρους,</em></strong></span> <span class='ocrx_word' id='word_1_62' title='bbox 510 1279 673 1364; x_wconf 77' lang='grc' dir='ltr'><strong><em>κρητῆράς</em></strong></span> <span class='ocrx_word' id='word_1_63' title='bbox 686 1300 720 1344; x_wconf 92' lang='grc' dir='ltr'><strong><em>τε</em></strong></span> <span class='ocrx_word' id='word_1_64' title='bbox 738 1277 900 1364; x_wconf 78' lang='grc' dir='ltr'><strong><em>χρυσέους</em></strong></span> <span class='ocrx_word' id='word_1_65' title='bbox 917 1276 972 1343; x_wconf 81' lang='grc' dir='ltr'><strong><em>καὶ</em></strong></span> <span class='ocrx_word' id='word_1_66' title='bbox 986 1280 1107 1362; x_wconf 87' lang='grc' dir='ltr'><strong><em>φιάλας</em></strong></span> 
     </span>
     <span class='ocr_line' id='line_1_11' title="bbox 101 1380 1107 1470; baseline 0 -22"><span class='ocrx_word' id='word_1_67' title='bbox 101 1381 214 1448; x_wconf 77' lang='grc' dir='ltr'><strong><em>τεκαὶ</em></strong></span> <span class='ocrx_word' id='word_1_68' title='bbox 238 1383 320 1448; x_wconf 82' lang='grc' dir='ltr'><strong><em>ἀλλα</em></strong></span> <span class='ocrx_word' id='word_1_69' title='bbox 344 1383 529 1468; x_wconf 81' lang='grc' dir='ltr'><strong><em>ἐκπώματα·</em></strong></span> <span class='ocrx_word' id='word_1_70' title='bbox 553 1384 695 1461; x_wconf 86' lang='grc' dir='ltr'><strong><em>σάκκους</em></strong></span> <span class='ocrx_word' id='word_1_71' title='bbox 716 1407 750 1449; x_wconf 90' lang='grc' dir='ltr'><strong><em>τε</em></strong></span> <span class='ocrx_word' id='word_1_72' title='bbox 774 1380 824 1449; x_wconf 88' lang='grc' dir='ltr'><strong><em>ἐπ’</em></strong></span> <span class='ocrx_word' id='word_1_73' title='bbox 846 1381 997 1468; x_wconf 81' lang='grc' dir='ltr'><strong><em>ἁμαξέων</em></strong></span> <span class='ocrx_word' id='word_1_74' title='bbox 1020 1385 1107 1470; x_wconf 83' lang='grc' dir='ltr'><strong><em>εὕρι-</em></strong></span> 
     </span>
     <span class='ocr_line' id='line_1_12' title="bbox 103 1487 1107 1574; baseline 0.002 -22"><span class='ocrx_word' id='word_1_75' title='bbox 103 1505 196 1570; x_wconf 89' lang='grc' dir='ltr'><strong><em>σκον,</em></strong></span> <span class='ocrx_word' id='word_1_76' title='bbox 220 1487 257 1553; x_wconf 91' lang='grc' dir='ltr'><strong><em>ἐν</em></strong></span> <span class='ocrx_word' id='word_1_77' title='bbox 279 1499 365 1553; x_wconf 84' lang='grc' dir='ltr'><strong><em>τοῖσι</em></strong></span> <span class='ocrx_word' id='word_1_78' title='bbox 388 1488 520 1572; x_wconf 77' lang='grc' dir='ltr'><strong><em>λέβητες</em></strong></span> <span class='ocrx_word' id='word_1_79' title='bbox 543 1489 721 1574; x_wconf 91' lang='grc' dir='ltr'><strong><em>ἐφαίνοντο</em></strong></span> <span class='ocrx_word' id='word_1_80' title='bbox 745 1489 892 1566; x_wconf 81' lang='grc' dir='ltr'><strong><em>ἐνεόντες</em></strong></span> <span class='ocrx_word' id='word_1_81' title='bbox 916 1490 1054 1574; x_wconf 90' lang='grc' dir='ltr'><strong><em>χρύσεοί</em></strong></span> <span class='ocrx_word' id='word_1_82' title='bbox 1072 1513 1107 1554; x_wconf 87' lang='grc' dir='ltr'><strong><em>τε</em></strong></span> 
     </span>
     <span class='ocr_line' id='line_1_13' title="bbox 101 1592 1107 1681; baseline -0.001 -21"><span class='ocrx_word' id='word_1_83' title='bbox 101 1592 158 1660; x_wconf 79' lang='grc' dir='ltr'><strong><em>καὶ</em></strong></span> <span class='ocrx_word' id='word_1_84' title='bbox 180 1594 348 1679; x_wconf 84' lang='grc' dir='ltr'><strong><em>ἀργύρεοι·</em></strong></span> <span class='ocrx_word' id='word_1_85' title='bbox 372 1594 435 1659; x_wconf 86' lang='grc' dir='ltr'><strong><em>ἀπό</em></strong></span> <span class='ocrx_word' id='word_1_86' title='bbox 453 1617 488 1660; x_wconf 89' lang='grc' dir='ltr'><strong><em>τε</em></strong></span> <span class='ocrx_word' id='word_1_87' title='bbox 510 1606 577 1660; x_wconf 86' lang='grc' dir='ltr'><strong><em>τῶν</em></strong></span> <span class='ocrx_word' id='word_1_88' title='bbox 599 1593 760 1680; x_wconf 87' lang='grc' dir='ltr'><strong><em>κειμένων</em></strong></span> <span class='ocrx_word' id='word_1_89' title='bbox 781 1606 909 1681; x_wconf 84' lang='grc' dir='ltr'><strong><em>νεκρῶν</em></strong></span> <span class='ocrx_word' id='word_1_90' title='bbox 928 1594 1107 1660; x_wconf 77' lang='grc' dir='ltr'><strong><em>ἐσκύλευον</em></strong></span> 
     </span>
     <span class='ocr_line' id='line_1_14' title="bbox 102 1697 1108 1786; baseline 0 -22"><span class='ocrx_word' id='word_1_91' title='bbox 102 1699 201 1779; x_wconf 79' lang='grc' dir='ltr'><strong><em>ψέλιά</em></strong></span> <span class='ocrx_word' id='word_1_92' title='bbox 232 1721 268 1764; x_wconf 91' lang='grc' dir='ltr'><strong><em>τε</em></strong></span> <span class='ocrx_word' id='word_1_93' title='bbox 299 1697 354 1764; x_wconf 84' lang='grc' dir='ltr'><strong><em>καὶ</em></strong></span> <span class='ocrx_word' id='word_1_94' title='bbox 385 1703 563 1786; x_wconf 89' lang='grc' dir='ltr'><strong><em>στρεπτοὺς</em></strong></span> <span class='ocrx_word' id='word_1_95' title='bbox 593 1699 648 1764; x_wconf 82' lang='grc' dir='ltr'><strong><em>καί</em></strong></span> <span class='ocrx_word' id='word_1_96' title='bbox 678 1703 758 1778; x_wconf 86' lang='grc' dir='ltr'><strong><em>τοὺς</em></strong></span> <span class='ocrx_word' id='word_1_97' title='bbox 789 1700 961 1784; x_wconf 84' lang='grc' dir='ltr'><strong><em>ἀκινάκας,</em></strong></span> <span class='ocrx_word' id='word_1_98' title='bbox 994 1700 1108 1776; x_wconf 89' lang='grc' dir='ltr'><strong><em>ἐόντας</em></strong></span> 
     </span>
     <span class='ocr_line' id='line_1_15' title="bbox 102 1803 1108 1892; baseline 0 -21"><span class='ocrx_word' id='word_1_99' title='bbox 102 1804 275 1892; x_wconf 89' lang='grc' dir='ltr'><strong><em>χρυσέους,</em></strong></span> <span class='ocrx_word' id='word_1_100' title='bbox 294 1803 363 1872; x_wconf 82' lang='grc' dir='ltr'><strong><em>ἐπεὶ</em></strong></span> <span class='ocrx_word' id='word_1_101' title='bbox 381 1804 522 1890; x_wconf 78' lang='grc' dir='ltr'><strong><em>ἐσθῆτός</em></strong></span> <span class='ocrx_word' id='word_1_102' title='bbox 539 1830 576 1890; x_wconf 88' lang='grc' dir='ltr'><strong><em>γε</em></strong></span> <span class='ocrx_word' id='word_1_103' title='bbox 599 1810 750 1890; x_wconf 89' lang='grc' dir='ltr'><strong><em>ποικίλης</em></strong></span> <span class='ocrx_word' id='word_1_104' title='bbox 768 1809 865 1890; x_wconf 90' lang='grc' dir='ltr'><strong><em>λόγος</em></strong></span> <span class='ocrx_word' id='word_1_105' title='bbox 884 1805 1009 1890; x_wconf 90' lang='grc' dir='ltr'><strong><em>ἐγίνετο</em></strong></span> <span class='ocrx_word' id='word_1_106' title='bbox 1029 1803 1108 1872; x_wconf 76' lang='grc' dir='ltr'><strong><em>ούδέ</em></strong></span> 
     </span>
     <span class='ocr_line' id='line_1_16' title="bbox 103 1903 1109 1998; baseline -0.001 -21"><span class='ocrx_word' id='word_1_107' title='bbox 103 1903 159 1988; x_wconf 83' lang='grc' dir='ltr'><strong><em>εἷς.</em></strong></span> <span class='ocrx_word' id='word_1_108' title='bbox 192 1911 338 1976; x_wconf 80' lang='grc' dir='ltr'><strong><em>ένδαύτα</em></strong></span> <span class='ocrx_word' id='word_1_109' title='bbox 352 1913 457 1976; x_wconf 86' lang='grc' dir='ltr'><strong><em>πολλά</em></strong></span> <span class='ocrx_word' id='word_1_110' title='bbox 475 1909 536 1996; x_wconf 78' lang='grc' dir='ltr'><strong><em>μὲν</em></strong></span> <span class='ocrx_word' id='word_1_111' title='bbox 554 1910 748 1989; x_wconf 89' lang='grc' dir='ltr'><strong><em>κλέπτοντες</em></strong></span> <span class='ocrx_word' id='word_1_112' title='bbox 768 1911 913 1978; x_wconf 81' lang='grc' dir='ltr'><strong><em>ἐπώλεον</em></strong></span> <span class='ocrx_word' id='word_1_113' title='bbox 930 1913 1013 1998; x_wconf 84' lang='grc' dir='ltr'><strong><em>πρὸς</em></strong></span> <span class='ocrx_word' id='word_1_114' title='bbox 1030 1914 1109 1989; x_wconf 88' lang='grc' dir='ltr'><strong><em>τούς</em></strong></span> 
     </span>
     <span class='ocr_line' id='line_1_17' title="bbox 103 2015 1108 2101; baseline -0.003 -18"><span class='ocrx_word' id='word_1_115' title='bbox 103 2019 283 2100; x_wconf 75' lang='grc' dir='ltr'><strong><em>Αύγινήτας</em></strong></span> <span class='ocrx_word' id='word_1_116' title='bbox 306 2017 342 2082; x_wconf 84' lang='grc' dir='ltr'><strong><em>οί</em></strong></span> <span class='ocrx_word' id='word_1_117' title='bbox 362 2017 501 2100; x_wconf 76' lang='grc' dir='ltr'><strong><em>εἵλωτες,</em></strong></span> <span class='ocrx_word' id='word_1_118' title='bbox 524 2020 630 2083; x_wconf 85' lang='grc' dir='ltr'><strong><em>πολλά</em></strong></span> <span class='ocrx_word' id='word_1_119' title='bbox 648 2015 685 2083; x_wconf 79' lang='grc' dir='ltr'><strong><em>δέ</em></strong></span> <span class='ocrx_word' id='word_1_120' title='bbox 703 2016 758 2083; x_wconf 82' lang='grc' dir='ltr'><strong><em>καὶ</em></strong></span> <span class='ocrx_word' id='word_1_121' title='bbox 776 2018 1027 2101; x_wconf 89' lang='grc' dir='ltr'><strong><em>ἀπεδείκνυσαν,</em></strong></span> <span class='ocrx_word' id='word_1_122' title='bbox 1046 2017 1108 2083; x_wconf 83' lang='grc' dir='ltr'><strong><em>ὅσα</em></strong></span> 
     </span>
     <span class='ocr_line' id='line_1_18' title="bbox 104 2113 1108 2208; baseline 0.002 -22"><span class='ocrx_word' id='word_1_123' title='bbox 104 2122 216 2187; x_wconf 80' lang='grc' dir='ltr'><strong><em>αὐτῶν</em></strong></span> <span class='ocrx_word' id='word_1_124' title='bbox 239 2122 300 2188; x_wconf 87' lang='grc' dir='ltr'><strong><em>οὐκ</em></strong></span> <span class='ocrx_word' id='word_1_125' title='bbox 324 2113 378 2188; x_wconf 83' lang='grc' dir='ltr'><strong><em>οἷά</em></strong></span> <span class='ocrx_word' id='word_1_126' title='bbox 395 2145 430 2188; x_wconf 89' lang='grc' dir='ltr'><strong><em>τε</em></strong></span> <span class='ocrx_word' id='word_1_127' title='bbox 452 2119 495 2206; x_wconf 78' lang='grc' dir='ltr'><strong><em>ἦν</em></strong></span> <span class='ocrx_word' id='word_1_128' title='bbox 517 2123 655 2208; x_wconf 78' lang='grc' dir='ltr'><strong><em>κρύψαι·</em></strong></span> <span class='ocrx_word' id='word_1_129' title='bbox 679 2123 761 2187; x_wconf 77' lang='grc' dir='ltr'><strong><em>ὥστε</em></strong></span> <span class='ocrx_word' id='word_1_130' title='bbox 780 2124 978 2208; x_wconf 78' lang='grc' dir='ltr'><strong><em>Αἰγινήτῃσι</em></strong></span> <span class='ocrx_word' id='word_1_131' title='bbox 1001 2124 1036 2188; x_wconf 89' lang='grc' dir='ltr'><strong><em>οί</em></strong></span> <span class='ocrx_word' id='word_1_132' title='bbox 1053 2147 1108 2208; x_wconf 90' lang='grc' dir='ltr'><strong><em>με-</em></strong></span> 
     </span>
     <span class='ocr_line' id='line_1_19' title="bbox 103 2227 1108 2315; baseline 0.002 -23"><span class='ocrx_word' id='word_1_133' title='bbox 103 2228 200 2312; x_wconf 91' lang='grc' dir='ltr'><strong><em>γάλοι</em></strong></span> <span class='ocrx_word' id='word_1_134' title='bbox 217 2234 355 2295; x_wconf 86' lang='grc' dir='ltr'><strong><em>πλοῦτοι</em></strong></span> <span class='ocrx_word' id='word_1_135' title='bbox 374 2229 478 2314; x_wconf 89' lang='grc' dir='ltr'><strong><em>ἀρχήν</em></strong></span> <span class='ocrx_word' id='word_1_136' title='bbox 497 2228 655 2294; x_wconf 81' lang='grc' dir='ltr'><strong><em>ἐνθεῦτεν</em></strong></span> <span class='ocrx_word' id='word_1_137' title='bbox 674 2227 840 2311; x_wconf 89' lang='grc' dir='ltr'><strong><em>ἐγένοντο,</em></strong></span> <span class='ocrx_word' id='word_1_138' title='bbox 861 2230 896 2292; x_wconf 80' lang='grc' dir='ltr'><strong><em>οἳ</em></strong></span> <span class='ocrx_word' id='word_1_139' title='bbox 910 2229 969 2294; x_wconf 90' lang='grc' dir='ltr'><strong><em>τὸν</em></strong></span> <span class='ocrx_word' id='word_1_140' title='bbox 982 2231 1108 2315; x_wconf 88' lang='grc' dir='ltr'><strong><em>χρυσὸν</em></strong></span> 
     </span>
     <span class='ocr_line' id='line_1_20' title="bbox 104 2332 1107 2418; baseline 0.003 -20"><span class='ocrx_word' id='word_1_141' title='bbox 104 2335 160 2398; x_wconf 81' lang='grc' dir='ltr'><strong><em>ἅτε</em></strong></span> <span class='ocrx_word' id='word_1_142' title='bbox 188 2332 286 2399; x_wconf 90' lang='grc' dir='ltr'><strong><em>ἐόντα</em></strong></span> <span class='ocrx_word' id='word_1_143' title='bbox 311 2335 434 2418; x_wconf 89' lang='grc' dir='ltr'><strong><em>χαλκὸν</em></strong></span> <span class='ocrx_word' id='word_1_144' title='bbox 457 2335 563 2417; x_wconf 81' lang='grc' dir='ltr'><strong><em>δήθεν</em></strong></span> <span class='ocrx_word' id='word_1_145' title='bbox 585 2335 673 2418; x_wconf 84' lang='grc' dir='ltr'><strong><em>παρὰ</em></strong></span> <span class='ocrx_word' id='word_1_146' title='bbox 695 2343 763 2398; x_wconf 80' lang='grc' dir='ltr'><strong><em>τῶν</em></strong></span> <span class='ocrx_word' id='word_1_147' title='bbox 786 2334 930 2400; x_wconf 82' lang='grc' dir='ltr'><strong><em>είλώτων</em></strong></span> <span class='ocrx_word' id='word_1_148' title='bbox 954 2333 1107 2401; x_wconf 84' lang='grc' dir='ltr'><strong><em>ὠνέοντο.</em></strong></span> 
     </span>
     <span class='ocr_line' id='line_1_21' title="bbox 105 2435 1159 2525; baseline 0.006 -21"><span class='ocrx_word' id='word_1_149' title='bbox 105 2441 377 2525; x_wconf 76' lang='grc' dir='ltr'><strong><em>συμφορήσαντες</em></strong></span> <span class='ocrx_word' id='word_1_150' title='bbox 404 2435 441 2504; x_wconf 78' lang='grc' dir='ltr'><strong><em>δέ</em></strong></span> <span class='ocrx_word' id='word_1_151' title='bbox 467 2440 507 2504; x_wconf 87' lang='grc' dir='ltr'><strong><em>τά</em></strong></span> <span class='ocrx_word' id='word_1_152' title='bbox 531 2442 680 2524; x_wconf 94' lang='grc' dir='ltr'><strong><em>χρήματα</em></strong></span> <span class='ocrx_word' id='word_1_153' title='bbox 702 2436 757 2504; x_wconf 78' lang='grc' dir='ltr'><strong><em>καί</em></strong></span> <span class='ocrx_word' id='word_1_154' title='bbox 781 2439 920 2525; x_wconf 82' lang='grc' dir='ltr'><strong><em>δεκάτην</em></strong></span> <span class='ocrx_word' id='word_1_155' title='bbox 944 2439 1108 2519; x_wconf 82' lang='grc' dir='ltr'><strong><em>ἐξελόντες</em></strong></span> <span class='ocrx_word' id='word_1_156' title='bbox 1126 2461 1159 2510; x_wconf 82' lang='lat'><strong><em>81</em></strong></span> 
     </span>
     <span class='ocr_line' id='line_1_22' title="bbox 104 2539 1109 2633; baseline 0.002 -23"><span class='ocrx_word' id='word_1_157' title='bbox 104 2551 150 2632; x_wconf 81' lang='grc' dir='ltr'><strong><em>τῷ</em></strong></span> <span class='ocrx_word' id='word_1_158' title='bbox 182 2544 218 2610; x_wconf 93' lang='grc' dir='ltr'><strong><em>ἐν</em></strong></span> <span class='ocrx_word' id='word_1_159' title='bbox 240 2550 406 2630; x_wconf 77' lang='grc' dir='ltr'><strong><em>Δελφοῖσι</em></strong></span> <span class='ocrx_word' id='word_1_160' title='bbox 436 2546 521 2633; x_wconf 75' lang='grc' dir='ltr'><strong><em>θεῷ,</em></strong></span> <span class='ocrx_word' id='word_1_161' title='bbox 554 2542 609 2610; x_wconf 90' lang='grc' dir='ltr'><strong><em>ἀπ’</em></strong></span> <span class='ocrx_word' id='word_1_162' title='bbox 643 2539 683 2628; x_wconf 88' lang='grc' dir='ltr'><strong><em>ής</em></strong></span> <span class='ocrx_word' id='word_1_163' title='bbox 710 2545 729 2610; x_wconf 85' lang='grc' dir='ltr'><strong><em>δ</em></strong></span> <span class='ocrx_word' id='word_1_164' title='bbox 755 2549 892 2631; x_wconf 90' lang='grc' dir='ltr'><strong><em>τρίπους</em></strong></span> <span class='ocrx_word' id='word_1_165' title='bbox 924 2547 943 2612; x_wconf 85' lang='grc' dir='ltr'><strong><em>δ</em></strong></span> <span class='ocrx_word' id='word_1_166' title='bbox 969 2549 1109 2632; x_wconf 85' lang='grc' dir='ltr'><strong><em>χρύσεος</em></strong></span> 
     </span>
     <span class='ocr_line' id='line_1_23' title="bbox 105 2649 1178 2737; baseline -0.001 -20"><span class='ocrx_word' id='word_1_167' title='bbox 105 2649 246 2733; x_wconf 79' lang='grc' dir='ltr'><strong><em>ἀνετέθη</em></strong></span> <span class='ocrx_word' id='word_1_168' title='bbox 283 2650 301 2716; x_wconf 87' lang='grc' dir='ltr'><strong>ὁ</strong></span> <span class='ocrx_word' id='word_1_169' title='bbox 338 2649 392 2716; x_wconf 78' lang='grc' dir='ltr'><strong><em>ἐπὶ</em></strong></span> <span class='ocrx_word' id='word_1_170' title='bbox 425 2660 486 2716; x_wconf 86' lang='grc' dir='ltr'><strong><em>τοῦ</em></strong></span> <span class='ocrx_word' id='word_1_171' title='bbox 516 2653 717 2737; x_wconf 88' lang='grc' dir='ltr'><strong><em>τρικαρήνου</em></strong></span> <span class='ocrx_word' id='word_1_172' title='bbox 749 2653 846 2734; x_wconf 85' lang='grc' dir='ltr'><strong><em>όφιος</em></strong></span> <span class='ocrx_word' id='word_1_173' title='bbox 877 2660 937 2717; x_wconf 86' lang='grc' dir='ltr'><strong><em>τοῦ</em></strong></span> <span class='ocrx_word' id='word_1_174' title='bbox 968 2651 1108 2736; x_wconf 84' lang='grc' dir='ltr'><strong><em>χαλκέου</em></strong></span> <span class='ocrx_word' id='word_1_175' title='bbox 1175 2653 1178 2660; x_wconf 80' lang='grc'>’</span> 
     </span>
     <span class='ocr_line' id='line_1_24' title="bbox 105 2753 1108 2844; baseline -0.002 -21"><span class='ocrx_word' id='word_1_176' title='bbox 105 2757 264 2834; x_wconf 83' lang='grc' dir='ltr'><strong><em>ἐπεστεὼς</em></strong></span> <span class='ocrx_word' id='word_1_177' title='bbox 294 2758 433 2841; x_wconf 88' lang='grc' dir='ltr'><strong><em>ἀγχιστα</em></strong></span> <span class='ocrx_word' id='word_1_178' title='bbox 463 2765 523 2822; x_wconf 86' lang='grc' dir='ltr'><strong><em>τοῦ</em></strong></span> <span class='ocrx_word' id='word_1_179' title='bbox 555 2759 687 2841; x_wconf 83' lang='grc' dir='ltr'><strong><em>βωμοῦ,</em></strong></span> <span class='ocrx_word' id='word_1_180' title='bbox 722 2754 778 2821; x_wconf 82' lang='grc' dir='ltr'><strong><em>καὶ</em></strong></span> <span class='ocrx_word' id='word_1_181' title='bbox 808 2764 853 2844; x_wconf 74' lang='grc' dir='ltr'><strong><em>τῷ</em></strong></span> <span class='ocrx_word' id='word_1_182' title='bbox 887 2756 923 2822; x_wconf 92' lang='grc' dir='ltr'><strong><em>ἐν</em></strong></span> <span class='ocrx_word' id='word_1_183' title='bbox 951 2753 1108 2842; x_wconf 87' lang='grc' dir='ltr'><strong><em>Ὀλυμπίῃ</em></strong></span> 
     </span>
     <span class='ocr_line' id='line_1_25' title="bbox 103 2857 1108 2951; baseline -0.004 -22"><span class='ocrx_word' id='word_1_184' title='bbox 103 2869 175 2951; x_wconf 75' lang='grc' dir='ltr'><strong><em>θεῷ</em></strong></span> <span class='ocrx_word' id='word_1_185' title='bbox 208 2861 387 2944; x_wconf 90' lang='grc' dir='ltr'><strong><em>ἐξελόντες,</em></strong></span> <span class='ocrx_word' id='word_1_186' title='bbox 420 2857 474 2927; x_wconf 90' lang='grc' dir='ltr'><strong><em>ἀπ’</em></strong></span> <span class='ocrx_word' id='word_1_187' title='bbox 508 2857 548 2945; x_wconf 85' lang='grc' dir='ltr'><strong><em>ής</em></strong></span> <span class='ocrx_word' id='word_1_188' title='bbox 578 2862 765 2946; x_wconf 78' lang='grc' dir='ltr'><strong><em>δεκάπηχυν</em></strong></span> <span class='ocrx_word' id='word_1_189' title='bbox 792 2862 930 2945; x_wconf 88' lang='grc' dir='ltr'><strong><em>χάλκεον</em></strong></span> <span class='ocrx_word' id='word_1_190' title='bbox 957 2865 1025 2926; x_wconf 86' lang='grc' dir='ltr'><strong><em>Δία</em></strong></span> <span class='ocrx_word' id='word_1_191' title='bbox 1052 2861 1108 2926; x_wconf 91' lang='grc' dir='ltr'><strong><em>ἀν-</em></strong></span> 
     </span>
     <span class='ocr_line' id='line_1_26' title="bbox 105 2961 1109 3055; baseline -0.003 -21"><span class='ocrx_word' id='word_1_192' title='bbox 105 2967 249 3053; x_wconf 76' lang='grc' dir='ltr'><strong><em>έθηκαν,</em></strong></span> <span class='ocrx_word' id='word_1_193' title='bbox 281 2967 338 3033; x_wconf 82' lang='grc' dir='ltr'><strong><em>καὶ</em></strong></span> <span class='ocrx_word' id='word_1_194' title='bbox 368 2975 413 3055; x_wconf 75' lang='grc' dir='ltr'><strong><em>τῷ</em></strong></span> <span class='ocrx_word' id='word_1_195' title='bbox 444 2966 481 3032; x_wconf 88' lang='grc' dir='ltr'><strong><em>ἐν</em></strong></span> <span class='ocrx_word' id='word_1_196' title='bbox 507 2965 629 3055; x_wconf 76' lang='grc' dir='ltr'><strong><em>Ἰσθμῷ</em></strong></span> <span class='ocrx_word' id='word_1_197' title='bbox 656 2973 742 3053; x_wconf 77' lang='grc' dir='ltr'><strong><em>θεῷ,</em></strong></span> <span class='ocrx_word' id='word_1_198' title='bbox 775 2961 829 3031; x_wconf 89' lang='grc' dir='ltr'><strong><em>ἀπ’</em></strong></span> <span class='ocrx_word' id='word_1_199' title='bbox 860 2961 898 3050; x_wconf 86' lang='grc' dir='ltr'><strong><em>ής</em></strong></span> <span class='ocrx_word' id='word_1_200' title='bbox 926 2965 1109 3051; x_wconf 87' lang='grc' dir='ltr'><strong><em>ἑπτάπηχυς</em></strong></span> 
     </span>
     <span class='ocr_line' id='line_1_27' title="bbox 104 3070 1109 3161; baseline -0.003 -22"><span class='ocrx_word' id='word_1_201' title='bbox 104 3075 241 3161; x_wconf 90' lang='grc' dir='ltr'><strong><em>χάλκεος</em></strong></span> <span class='ocrx_word' id='word_1_202' title='bbox 255 3071 448 3140; x_wconf 89' lang='grc' dir='ltr'><strong><em>Ποσειδέων</em></strong></span> <span class='ocrx_word' id='word_1_203' title='bbox 467 3070 641 3156; x_wconf 82' lang='grc' dir='ltr'><strong><em>ἐξεγένετο,</em></strong></span> <span class='ocrx_word' id='word_1_204' title='bbox 660 3081 762 3138; x_wconf 87' lang='grc' dir='ltr'><strong><em>ταῦτα</em></strong></span> <span class='ocrx_word' id='word_1_205' title='bbox 781 3071 944 3150; x_wconf 86' lang='grc' dir='ltr'><strong><em>ἐξελόντες</em></strong></span> <span class='ocrx_word' id='word_1_206' title='bbox 958 3073 997 3137; x_wconf 86' lang='grc' dir='ltr'><strong><em>τά</em></strong></span> <span class='ocrx_word' id='word_1_207' title='bbox 1011 3075 1109 3138; x_wconf 85' lang='grc' dir='ltr'><strong><em>λοιπά</em></strong></span> 
     </span>
     <span class='ocr_line' id='line_1_28' title="bbox 106 3173 1108 3266; baseline -0.002 -22"><span class='ocrx_word' id='word_1_208' title='bbox 106 3180 293 3266; x_wconf 92' lang='grc' dir='ltr'><strong><em>διαιρέοντο</em></strong></span> <span class='ocrx_word' id='word_1_209' title='bbox 325 3177 380 3245; x_wconf 78' lang='grc' dir='ltr'><strong><em>καί</em></strong></span> <span class='ocrx_word' id='word_1_210' title='bbox 412 3181 532 3264; x_wconf 83' lang='grc' dir='ltr'><strong><em>ἔλαβον</em></strong></span> <span class='ocrx_word' id='word_1_211' title='bbox 559 3177 690 3244; x_wconf 78' lang='grc' dir='ltr'><strong><em>ἔκαστοι</em></strong></span> <span class='ocrx_word' id='word_1_212' title='bbox 717 3190 783 3244; x_wconf 82' lang='grc' dir='ltr'><strong><em>τῶν</em></strong></span> <span class='ocrx_word' id='word_1_213' title='bbox 811 3177 897 3257; x_wconf 87' lang='grc' dir='ltr'><strong><em>ἀξιοι</em></strong></span> <span class='ocrx_word' id='word_1_214' title='bbox 922 3173 1021 3262; x_wconf 76' lang='grc' dir='ltr'><strong><em>ἦσαν,</em></strong></span> <span class='ocrx_word' id='word_1_215' title='bbox 1053 3176 1108 3243; x_wconf 81' lang='grc' dir='ltr'><strong><em>καὶ</em></strong></span> 
     </span>
     <span class='ocr_line' id='line_1_29' title="bbox 104 3281 1109 3371; baseline 0 -21"><span class='ocrx_word' id='word_1_216' title='bbox 104 3287 164 3362; x_wconf 88' lang='grc' dir='ltr'><strong><em>τάς</em></strong></span> <span class='ocrx_word' id='word_1_217' title='bbox 185 3287 352 3363; x_wconf 83' lang='grc' dir='ltr'><strong><em>παλλακάς</em></strong></span> <span class='ocrx_word' id='word_1_218' title='bbox 378 3297 445 3352; x_wconf 82' lang='grc' dir='ltr'><strong><em>τῶν</em></strong></span> <span class='ocrx_word' id='word_1_219' title='bbox 468 3281 626 3371; x_wconf 89' lang='grc' dir='ltr'><strong><em>Περσέων</em></strong></span> <span class='ocrx_word' id='word_1_220' title='bbox 653 3282 708 3349; x_wconf 81' lang='grc' dir='ltr'><strong><em>καί</em></strong></span> <span class='ocrx_word' id='word_1_221' title='bbox 735 3286 793 3350; x_wconf 89' lang='grc' dir='ltr'><strong><em>τὸν</em></strong></span> <span class='ocrx_word' id='word_1_222' title='bbox 820 3285 945 3370; x_wconf 89' lang='grc' dir='ltr'><strong><em>χρυσὸν</em></strong></span> <span class='ocrx_word' id='word_1_223' title='bbox 972 3283 1109 3350; x_wconf 80' lang='grc' dir='ltr'><strong><em>καὶτὸν</em></strong></span> 
     </span>
     <span class='ocr_line' id='line_1_30' title="bbox 105 3388 1108 3478; baseline -0.002 -21"><span class='ocrx_word' id='word_1_224' title='bbox 105 3392 255 3476; x_wconf 84' lang='grc' dir='ltr'><strong><em>ἀργυρον</em></strong></span> <span class='ocrx_word' id='word_1_225' title='bbox 276 3391 331 3457; x_wconf 83' lang='grc' dir='ltr'><strong><em>καὶ</em></strong></span> <span class='ocrx_word' id='word_1_226' title='bbox 353 3393 436 3457; x_wconf 87' lang='grc' dir='ltr'><strong><em>ἀλλα</em></strong></span> <span class='ocrx_word' id='word_1_227' title='bbox 458 3392 606 3478; x_wconf 90' lang='grc' dir='ltr'><strong><em>χρήματά</em></strong></span> <span class='ocrx_word' id='word_1_228' title='bbox 628 3414 663 3456; x_wconf 89' lang='grc' dir='ltr'><strong><em>τε</em></strong></span> <span class='ocrx_word' id='word_1_229' title='bbox 685 3388 740 3455; x_wconf 79' lang='grc' dir='ltr'><strong><em>καὶ</em></strong></span> <span class='ocrx_word' id='word_1_230' title='bbox 761 3390 930 3474; x_wconf 79' lang='grc' dir='ltr'><strong><em>ὑποζύγια.</em></strong></span> <span class='ocrx_word' id='word_1_231' title='bbox 967 3391 1027 3456; x_wconf 83' lang='grc' dir='ltr'><strong><em>ὅσα</em></strong></span> <span class='ocrx_word' id='word_1_232' title='bbox 1047 3390 1108 3476; x_wconf 93' lang='grc' dir='ltr'><strong><em>μέν</em></strong></span> 
     </span>
     <span class='ocr_line' id='line_1_31' title="bbox 105 3495 1109 3584; baseline -0.003 -20"><span class='ocrx_word' id='word_1_233' title='bbox 105 3520 172 3564; x_wconf 88' lang='grc' dir='ltr'><strong><em>νυν</em></strong></span> <span class='ocrx_word' id='word_1_234' title='bbox 204 3496 349 3583; x_wconf 82' lang='grc' dir='ltr'><strong><em>ἐξαίρετα</em></strong></span> <span class='ocrx_word' id='word_1_235' title='bbox 375 3509 461 3564; x_wconf 79' lang='grc' dir='ltr'><strong><em>τοῖσι</em></strong></span> <span class='ocrx_word' id='word_1_236' title='bbox 489 3497 699 3584; x_wconf 89' lang='grc' dir='ltr'><strong><em>ἀριστεύσασι</em></strong></span> <span class='ocrx_word' id='word_1_237' title='bbox 727 3497 837 3562; x_wconf 82' lang='grc' dir='ltr'><strong><em>αὐτῶν</em></strong></span> <span class='ocrx_word' id='word_1_238' title='bbox 864 3495 901 3562; x_wconf 90' lang='grc' dir='ltr'><strong><em>ἐν</em></strong></span> <span class='ocrx_word' id='word_1_239' title='bbox 925 3501 1109 3582; x_wconf 76' lang='grc' dir='ltr'><strong><em>Πλαταιῇσι</em></strong></span> 
     </span>
    </p>
   </div>
   <div class='ocr_carea' id='block_1_3' title="bbox 0 0 1324 3970">
    <p class='ocr_par' dir='ltr' id='par_1_4' title="bbox 0 0 1324 3970">
     <span class='ocr_line' id='line_1_32' title="bbox 0 0 1324 3970; baseline 0 0"><span class='ocrx_word' id='word_1_240' title='bbox 0 0 1324 3970; x_wconf 95' lang='lat' dir='ltr'><strong><em> </em></strong></span> 
     </span>
    </p>
   </div>
  </div>
 </body>
</html>
