2640 3960
211 284 273 349 128
621 281 807 338 HERODOTI

209 431 357 511 Κροῖσον
385 426 600 514 ἀπικομένου,
633 425 687 492 καί
714 428 813 503 ἀλλος
837 423 1061 509 Ἱπποκλείδης
1091 427 1211 492 Τισάν-

210 536 308 618 δρου,
338 535 468 621 πλούτῳ
498 531 553 599 καὶ
582 534 666 598 είδει·
696 531 876 617 προφέρων
905 529 1101 616 Ἀθηναίων.
1147 533 1211 599 ἀπὸ

209 636 247 704 δέ
270 633 435 725 Ἐρετρίης
462 639 629 722 ἀνθεύσης
653 647 773 704 τοῦτον
799 639 858 703 τὸν
880 640 1004 722 χρόνον
1026 643 1212 722 Λυσανίης·

209 741 306 822 οὗτος
330 742 367 811 δὲ
390 742 443 811 ἀπ’
470 744 616 827 Εὐβοίης
638 753 769 828 μοῦνος.
807 744 842 809 έκ
865 740 902 808 δὲ
925 747 1107 826 Θεσσαλίης
1126 739 1212 826 ῆλθε

209 863 277 918 τῶν
301 849 505 917 Σκοπαδέων
527 851 750 935 Διακτορίδης
768 850 994 935 Κραννώνιος,
1019 849 1054 916 έκ
1078 847 1115 915 δέ
1137 855 1212 916 Μο-

209 963 339 1024 λοσσῶν
353 956 490 1023 Ἄλκων.
527 966 680 1022 τοσοῦτοι
703 953 764 1041 μὲν
787 955 940 1040 ἐγένοντο
963 957 999 1021 οί
1015 965 1212 1042 μνηστῆρες·

157 1079 207 1128 128
218 1063 426 1149 ἀπικομένων
453 1059 490 1129 δέ
516 1064 644 1128 τούτων
672 1061 707 1140 ές
731 1064 792 1146 τῆν
818 1061 1061 1148 προειρημένην
1085 1061 1212 1146 ἡμέρην

209 1170 227 1236 δ
245 1169 452 1253 Κλεισθένης
474 1181 586 1253 πρῶτα
609 1166 670 1253 μὲν
691 1169 750 1246 τὰς
767 1169 891 1253 πάτρας
908 1192 943 1234 τε
962 1169 1072 1234 αὐτῶν
1090 1167 1210 1234 ἀνεπύ-

207 1282 288 1341 θετο
319 1273 374 1341 καί
405 1275 503 1361 γένος
530 1274 683 1358 ἑκάστου,
715 1276 794 1359 μετὰ
821 1271 859 1340 δέ
885 1273 1029 1360 κατέχων
1056 1274 1211 1340 ένιαυτὸν

209 1383 394 1466 διεπειρᾶτο
422 1381 531 1446 αὐτῶν
558 1390 615 1464 τῆς
636 1403 671 1445 τε
699 1379 927 1466 ἀνδραγαθίης
953 1377 1087 1463 καὶτῆς
1110 1380 1211 1465 ὀργῆς

208 1483 263 1550 καί
285 1488 476 1563 παιδεύσιός
498 1508 532 1551 τε
555 1483 609 1551 καί
631 1487 771 1569 τρόπου,
794 1483 849 1550 καὶ
872 1482 922 1550 ἑνί
945 1483 1069 1574 ἑκάστῳ
1093 1487 1154 1551 ίὼυ
1177 1487 1211 1563 ές

208 1595 393 1674 συνουσίην
420 1589 474 1656 καί
503 1592 680 1657 συνάπασι·
713 1589 767 1657 καί
796 1590 828 1668 ές
854 1591 1021 1676 γυμνάσιά
1041 1614 1077 1656 τε
1104 1590 1210 1675 ἐξαγι-

208 1697 294 1764 νέων
318 1699 391 1763 ὅσοι
413 1694 498 1781 ἦσαν
521 1699 632 1762 αὐτῶν
654 1697 820 1780 νεώτεροι,
845 1693 899 1761 καὶ
921 1700 959 1762 τό
982 1721 1019 1780 γε
1043 1697 1209 1781 μέγιστον,

209 1805 245 1870 έν
272 1813 312 1889 τῆ
339 1807 492 1889 συνιστίη
521 1805 720 1888 διεπειρᾶτο·
752 1803 833 1869 ὅσον
855 1803 919 1888 γάρ
941 1814 1068 1888 κατεῖχε
1085 1806 1210 1888 χρόνον

209 1911 339 1992 αὐτούς,
361 1918 482 1976 τοῦτον
504 1910 611 1976 πάντα
634 1909 739 1974 ἐποίεε
761 1905 816 1973 καί
839 1908 905 1992 ἅμα
924 1907 1054 1988 ἐξείνιζε
1072 1916 1210 1994 μεγαλο-

207 2017 362 2102 πρεπέως.
390 2013 445 2082 καί
460 2017 501 2099 δῆ
514 2039 576 2080 κον
590 2016 730 2100 μάλιστα
742 2025 809 2080 τῶν
823 2017 1021 2100 μνηστήρων
1029 2015 1209 2102 ἠρέσκοντο
1318 2063 1319 2066 =

208 2122 243 2188 οί
263 2117 318 2188 ἀπ’
341 2116 510 2205 Ἀθηυέων
529 2119 713 2204 ἀπιγμένοι,
736 2118 791 2186 καὶ
807 2121 936 2186 τούτων
958 2127 1084 2206 μᾶλλον
1101 2119 1209 2188 Ἱππο·

207 2229 338 2310 κλείδης
364 2226 383 2292 δ
409 2227 598 2312 Τισάνδρου
625 2224 679 2291 καὶ
706 2223 776 2292 κατ’
803 2225 1036 2312 ἀνδραγαθίην
1063 2227 1210 2313 ἐκρίνετο

208 2329 262 2396 καί
286 2332 336 2396 ὅτι
358 2333 395 2395 τὸ
419 2330 584 2396 ἀνέκαθεν
601 2342 687 2396 τοῖσι
707 2329 743 2396 έν
762 2334 922 2419 Κορίνθῳ
941 2335 1149 2420 Κυψελίδῃσι
1166 2330 1210 2418 ἦν
1275 2395 1280 2406 ,

157 2455 207 2504 129
217 2439 401 2520 προσήκων.
447 2437 492 2512 ὡς
514 2433 551 2501 δέ
573 2437 594 2520 ῆ
616 2439 714 2522 κυρίη
739 2436 866 2520 ἐγένετο
892 2447 960 2504 τῶν
981 2437 1131 2525 ἡμερέων
1152 2451 1211 2525 τῆς

207 2565 241 2607 τε
268 2543 476 2619 κατακλίσιος
502 2551 563 2606 τοῦ
590 2543 698 2628 γάμου
726 2541 780 2608 καλ
803 2543 960 2627 έκφάσιος
986 2545 1091 2612 αὐτοῦ
1112 2551 1210 2613 Κλει-

208 2645 346 2725 σθένεος
367 2647 427 2712 τὸν
449 2649 558 2731 κρίνοι
582 2647 617 2713 έκ
638 2649 788 2731 πάντων,
815 2650 924 2726 θύσας
946 2652 1027 2732 βοῦς
1050 2649 1209 2720 ἑκατὸνὸ

207 2752 414 2837 Κλεισθένης
436 2753 554 2838 εὐώχεε
577 2754 699 2832 αὐτούς
716 2778 752 2820 τε
773 2757 851 2832 τοὺς
871 2765 1058 2840 μνηστῆρας
1075 2755 1130 2822 καὶ
1148 2763 1209 2824 Σι-

206 2863 370 2937 κυωνίους
400 2860 533 2937 πάντας.
579 2860 623 2937 ὡς
655 2857 692 2926 δέ
719 2860 782 2926 ἀπὸ
813 2862 949 2926 δείπνου
976 2860 1143 2948 έγίνουτο,
1177 2868 1212 2932 οί
1314 2859 1316 2938 J

207 2976 391 3053 μνηστῆρες
420 2969 491 3052 ἔριν
518 2961 608 3052 είχον
636 2965 725 3050 ἀμφί
743 2989 777 3032 τε
805 2975 945 3052 μουσικῆ
971 2966 1093 3058 καὶτῷ
1116 2977 1210 3054 λεγο-
1305 2949 1315 2976 ⁴

207 3074 295 3161 μένω
319 3073 352 3150 ές
373 3073 411 3138 τδ
434 3069 543 3156 μέσον.
586 3072 766 3156 προϊούσης
789 3068 826 3136 δὲ
847 3082 903 3156 τῆς
925 3076 1041 3151 πόσιος
1063 3075 1209 3162 κατέχων

206 3181 331 3244 πολλὸν
357 3180 435 3254 τοὺς
465 3179 585 3255 ἀλλους
612 3177 630 3243 ὁ
655 3174 878 3261 Ἱπποκλείδης
909 3177 1061 3247 έκέλευσέ
1085 3183 1122 3248 οί
1148 3185 1209 3248 τὸν

207 3282 354 3366 αὐλητὴν
377 3283 517 3366 αὐλῆσαι
540 3283 722 3368 ἐμμελείην,
745 3283 949 3367 πειθομένου
973 3283 1010 3351 δέ
1029 3297 1090 3353 τοῦ
1108 3289 1209 3372 αὐλη-
1313 3315 1314 3337 ¹

206 3385 271 3453 τέω
295 3387 473 3473 ὠρχήσατο.
514 3392 572 3452 καί
590 3412 656 3465 κως
679 3387 789 3476 ἑωυτῷ
813 3385 873 3474 μὲν
895 3389 1039 3476 ἀρεστῶς
1057 3393 1208 3478 ὠρχέετο,
1312 3467 1313 3472 1

207 3493 226 3561 δ
254 3493 460 3577 Κλεισθένης
487 3490 524 3558 δὲ
554 3491 659 3578 ὁρέων
690 3495 770 3560 ὅλον
800 3497 838 3560 τὸ
869 3506 1001 3583 πρῆγμα
1027 3498 1208 3567 ὑπώπτευε.
1299 3513 1313 3528 ”

1298 3603 1312 3624 Α

1301 3633 1312 3690 ’λ
