2678 3968
443 227 509 283 ιῐΒ,
524 227 570 283 IX.
608 228 683 284 CAP.
703 235 805 286 8-13.
1063 229 1129 295 32⁷

126 374 250 449 εἰδότες
272 371 346 458 περὶ
368 381 426 456 τής
444 371 561 451 ἐξόδου
580 371 728 456 ἐπῆλθον
748 371 800 438 ἐπὶ
818 377 896 451 τοὺς
914 374 1067 460 ἐφόρους,
1091 375 1131 442 ἐν

126 482 194 567 νόῳ
227 480 268 562 δή
304 481 433 564 ἔχοντες
465 477 734 544 ἀπαλλάσσεσθαι
770 477 824 544 καλ
855 479 950 545 αύτολ
981 479 1034 547 ἐπλ
1067 482 1129 565 τήν

127 583 254 650 ἑωυτοῦ
284 583 432 661 ἕκαστος·
464 583 660 660 ἐπελθόντες
692 581 729 648 δέ
761 587 875 666 ἔλεγον
901 587 992 651 τάδε·
1020 583 1132 673 Ὑμεῖς

127 688 198 776 μέν,
222 685 248 755 ὦ
266 692 534 775 Λακεδαιμόνιοι,
558 689 660 754 αὑτοῦ
682 691 761 774 τῇδε
783 688 937 774 μένοντες
955 688 1131 758 Ὑακίνθιά

126 818 162 860 τε
183 797 277 878 ἀγετε
303 794 358 862 καλ
380 799 516 877 παίζετε,
539 797 802 879 καταπροδόντες
823 799 902 872 τοὺς
924 798 1132 881 συμμάχους·

123 897 296 984 Ἀθηναῖοι
319 898 355 968 δέ
378 902 422 978 ὡς
445 901 651 986 ἀδικεόμενοι
673 901 737 966 ὑπὸ
760 900 871 986 ὑμέων
889 903 983 986 χήτεΐ
995 925 1030 966 τε
1049 919 1132 987 συμ-

126 1007 241 1092 μάχων
264 1008 503 1072 καταλύσονται
525 1015 570 1095 τῷ
590 1005 704 1092 Πέρση
727 1007 813 1072 οὕτω
836 1007 920 1084 ὅκως
942 1006 985 1073 ἀν
1003 1009 1131 1073 δύνων-

127 1137 191 1179 ται.
224 1113 485 1198 καταλυσάμενοι
500 1112 547 1195 δέ,
565 1114 648 1196 δήλα
660 1114 724 1197 γάρ
738 1113 789 1178 ὅτι
803 1114 967 1198 σύμμαχοι
980 1113 1135 1197 βασιλέος

128 1223 304 1304 γινόμεθα,
329 1221 640 1304 συστρατευσόμεθα
661 1227 701 1303 τή
724 1217 766 1283 ἀν
790 1218 908 1284 ἐκείνοι
927 1219 1133 1303 ἐξηγέωνται.

125 1325 222 1410 ὑμεῖς
245 1322 281 1390 δὲ
303 1327 341 1390 τὸ
365 1325 521 1390 ἐνθεῦτεν
543 1327 738 1411 μαθήσεσθε
759 1324 871 1390 ὁκοῖον
890 1327 931 1390 ἀν
949 1349 981 1390 τι
999 1326 1079 1411 ὑμῖν
1097 1326 1132 1405 ἐξ

127 1431 233 1497 αὑτοῦ
252 1431 396 1516 ἐκβαίυη.
428 1440 529 1496 ταῦτα
542 1433 709 1513 λεγόντων
722 1441 789 1495 τῶν
804 1431 951 1514 ἀγγέλων
966 1433 1001 1496 οί
1014 1435 1133 1518 ἔφοροι

126 1532 223 1602 εἶπαν
253 1535 303 1602 ἐπ’
337 1538 439 1622 ὅρκου
470 1535 525 1602 καλ
553 1538 594 1621 δή
623 1536 751 1602 δοκέειν
783 1531 868 1602 εἶναι
894 1537 932 1603 ἐν
955 1535 1132 1626 Ὀρεσθείῳ

125 1646 318 1726 στείχοντας
340 1641 393 1708 ἐπὶ
415 1646 493 1719 τοὺς
512 1641 652 1721 ξείνους·
676 1641 804 1720 ξείνους
821 1645 883 1726 γὰρ
903 1643 1037 1710 ἐκάλεον
1054 1647 1134 1722 τοὺς

125 1749 325 1835 βαρβάρους.
366 1749 401 1813 οί
422 1744 459 1812 δὲ
482 1748 526 1824 ὡς
549 1747 611 1812 οὐκ
634 1749 757 1825 εἰδότες
780 1748 964 1833 ἐπειρώτων
986 1751 1023 1815 τὸ
1040 1754 1134 1834 λεγό-

126 1878 245 1940 μενον,
269 1854 475 1938 ἐπειρόμενοι
498 1849 535 1918 δὲ
558 1852 721 1938 ἐξέμαθον
743 1863 808 1919 πᾶν
830 1857 867 1920 τὸ
891 1854 961 1937 ἐόν,
990 1856 1072 1920 ὥστε
1095 1855 1135 1921 ἐν

126 1962 258 2045 θώματι
281 1961 453 2043 γενόμενοι
472 1957 671 2044 ἐπορεύοντο
689 1961 750 2043 τήν
768 1962 923 2044 ταχίστην
945 1961 1135 2038 διώκοντες·

129 2068 193 2131 σὺν
227 2064 266 2130 δέ
295 2082 357 2149 σφι
386 2076 453 2130 τῶν
484 2067 663 2149 περιοίκων
690 2066 963 2149 Λακεδαιμονίων
996 2065 1135 2148 λογάδες

128 2174 387 2255 πεντακισχίλιοι
409 2170 539 2236 ὁπλῖται
561 2169 667 2235 τώυτὸ
690 2179 789 2236 τοῦτο
812 2169 951 2237 ἐποίεον.

219 2277 263 2342 Οί
283 2273 343 2361 μὲν
366 2277 407 2360 δή
431 2275 464 2353 ἐς
485 2277 545 2342 τὸν
565 2270 701 2360 Ἰσθμὸν
724 2276 912 2359 ήπείγουτο·
936 2269 1077 2362 Ἀργείοι
1095 2273 1134 2344 δὲ
1152 2295 1188 2343 ιε

129 2383 234 2448 ἐπείτε
255 2383 390 2466 τάχιστα
413 2381 579 2448 ἐπύθοντο
602 2384 681 2458 τοὺς
703 2384 782 2465 μετὰ
804 2385 1002 2448 Παυσανίεω
1026 2382 1134 2468 ἐξελη-

130 2490 277 2565 λυθότας
308 2487 344 2552 ἐκ
369 2488 539 2571 Σπάρτης,
571 2486 736 2571 πέμπουσι
767 2490 893 2573 κήρυκα
920 2500 986 2554 τῶν
1015 2489 1135 2574 ήμερο·

16 2603 18 2606 ’
130 2595 265 2678 δρόμων
305 2592 501 2678 ἀνευρόντες
539 2594 598 2659 τὸν
635 2594 771 2678 ἄριστον
807 2594 841 2670 ἐς
878 2595 939 2678 τήν
975 2594 1134 2678 Ἀττικήν,

129 2701 292 2784 πρότερον
320 2696 414 2764 αὐτοὶ
436 2700 621 2785 Μαρδονίῳ
648 2697 886 2783 ὑποδεξάμενοι
914 2702 1047 2784 σχήσειν
1073 2700 1134 2764 τὸν

131 2807 344 2890 Σπαρτιήτην
367 2805 411 2889 μή
430 2803 561 2882 ἐξιέναι·
586 2805 622 2882 ὃς
641 2804 744 2870 ἐπείτε
763 2804 894 2869 ἀπίκετο
914 2804 947 2880 ἐς
964 2805 1022 2880 τάς
1037 2801 1135 2888 Ἀθή-

129 2935 201 2993 υας,
225 2913 316 2993 ἔλεγε
338 2910 429 2976 τάδε·
452 2911 638 2995 Μαρδόνιε,
661 2910 810 2994 ἔπεμψάν
828 2933 868 2993 με
887 2906 1028 2995 Ἀργείοι
1051 2911 1136 2994 φρά-

131 3017 233 3082 σοντά
259 3040 311 3082 τοι
339 3016 390 3081 ὅτι
419 3015 455 3082 ἐκ
481 3017 730 3100 Λακεδαίμονος
758 3013 934 3097 ἐξελήλυθε
960 3013 981 3097 ή
1008 3017 1135 3098 νεότης,

130 3121 186 3187 καλ
208 3123 252 3200 ὡς
275 3121 317 3188 οὐ
340 3119 478 3187 δυνατολ
500 3121 605 3204 αὐτήν
629 3126 733 3204 λσχειν
756 3119 820 3185 είσλ
839 3117 980 3203 Ἀργείοι
1006 3121 1050 3204 μή
1074 3120 1137 3186 οὐκ
1318 3167 1320 3256 1

106 3226 261 3316 ἐξιέναι.
299 3229 381 3313 πρὸς
401 3236 504 3293 ταῦτα
526 3227 667 3310 τύγχανε
690 3220 727 3291 εὖ
746 3228 996 3310 βουλευόμενος.
1033 3225 1051 3292 ὑ
1074 3222 1136 3311 μέν

132 3333 174 3416 δή
207 3338 298 3410 εἴπας
328 3342 430 3398 ταῦτα
462 3331 686 3396 ἀπαλλάσσετο
719 3331 838 3413 ὀπίσω,
870 3332 1067 3417 Μαρδόνιος
1098 3328 1135 3398 δέ
1155 3350 1190 3398 13

133 3436 285 3522 οὐδαμῶς
310 3441 357 3504 ἔτι
384 3440 559 3525 πρόθυμος
584 3431 626 3520 ήν
653 3436 765 3523 μένειν
793 3436 829 3502 ἐν
856 3443 896 3523 τή
922 3433 1063 3524 Ἀττική,
1091 3438 1137 3516 ὡς
