2678 3968
188 296 255 359 234
556 351 561 362 ,
602 291 789 346 Ηοοοοοοι

189 439 272 525 πρὸς
303 441 509 522 μεσαμβρίην
544 441 721 521 Τρηχῖνος,
760 437 815 500 διὰ
853 432 890 502 δὲ
921 444 977 519 τῆς
1010 431 1196 518 διασφάγος

187 539 333 620 Ἀσωπὸς
358 545 504 629 ποταμὸς
530 541 598 629 ῥέει
626 543 715 629 παρὰ
741 542 802 626 τὴν
830 540 984 628 ὑπωρέην
1006 548 1068 606 τοῦ
1090 541 1194 624 ὄρεος.

135 653 268 720 νοοὲστι
295 647 332 714 δέ
355 651 454 728 ύλλος
478 648 593 727 Φοῖνιξ
616 649 760 732 ποταμὸς
783 647 825 712 ού
847 647 947 732 μέγας
968 647 1050 732 πρὸς
1073 662 1195 730 μεσαμ·

191 758 291 840 βρίην
312 764 372 821 τοῦ
392 753 552 837 Ἀσωποῦ,
576 755 612 832 ὃς
635 754 671 820 έκ
692 765 760 819 τῶν
783 751 888 840 ὀρέων
910 753 1038 818 τούτων
1057 751 1143 839 ῥέων
1161 752 1196 829 ές

191 864 251 928 τὸν
270 859 418 929 Ἀσωπὸν
446 863 580 928 ἐκδιδοῖ.
626 861 708 926 κατὰ
736 855 773 926 δὲ
799 861 859 925 τὸν
884 862 1024 924 Φοίνικα
1046 859 1196 942 ποταμὸν

191 971 401 1035 στεινότατόν
423 967 506 1034 ἐστι·
528 965 682 1052 ἁμαξιτὸς
704 967 766 1051 γάρ
790 965 897 1050 μούνη
922 966 1007 1049 [μία]
1028 964 1195 1050 δέδμηται.

191 1075 255 1140 ἀπὸ
288 1071 325 1140 δέ
356 1083 416 1139 τοῦ
447 1077 603 1149 Φοίνικος
634 1080 784 1156 ποταμοῦ
814 1072 1045 1136 πεντεκαίδεκα
1077 1071 1196 1136 στάδιά

192 1181 261 1246 ἐστι
288 1179 321 1257 ές
344 1181 567 1265 Θερμοπύλας.
612 1179 649 1244 ἐν
679 1174 716 1242 δὲ
738 1185 783 1265 τῷ
807 1176 927 1262 μεταξὺ
953 1179 1108 1254 Φοίνικός
1131 1175 1194 1264 (τε)

190 1295 341 1370 ποταμοῦ
366 1284 422 1350 καὶ
449 1283 691 1370 Θερμοπυλέων
718 1285 810 1367 κώμη
838 1306 873 1350 τε
905 1286 974 1349 ἔστι
1000 1293 1039 1368 τῇ
1067 1284 1196 1368 οὔνομα

188 1389 332 1474 Ἀνθήλη
360 1390 481 1472 κέεται,
504 1384 581 1474 παρ’
606 1389 649 1473 ἣν
672 1389 714 1472 δὴ
736 1388 933 1475 παραρρέων
956 1388 975 1454 δ
995 1385 1139 1466 Ἀσωπὸς
1161 1390 1197 1466 ἐς

191 1498 366 1563 θάλασσαν
389 1496 524 1577 ἐκδιδοῖ,
548 1494 603 1560 καὶ
621 1506 727 1580 χῶρος
745 1493 820 1580 περὶ
839 1494 943 1577 αὐτὴν
962 1495 1071 1581 εὐρύς,
1095 1495 1131 1560 ἑν
1148 1505 1195 1583 τῷ

191 1605 368 1688 Δήμητρός
394 1623 429 1666 τε
462 1601 536 1686 ίρὸν
560 1597 836 1686 Ἀμφικτυονίδος
863 1600 994 1685 ἵδρυται
1020 1597 1075 1665 καὶ
1090 1598 1196 1686 Ιἑδραι

192 1707 253 1774 είσλ
276 1707 490 1793 Ἀμφικτύοσι
512 1705 568 1771 καὶ
591 1706 695 1771 αὐτοῦ
716 1715 777 1771 τοῦ
797 1700 1034 1791 Ἀμφικτύονος
1057 1707 1138 1792 ίρόν.

137 1835 188 1884 201
280 1816 441 1890 Βασιλεὺς
460 1809 580 1898 μὲνδὴ
599 1810 721 1898 Ξέρξης
740 1811 1031 1895 ἐστρατοπεδεύετο
1050 1821 1107 1895 τῆς
1119 1815 1196 1897 Μη-

192 1923 284 1998 λίδος
308 1919 344 1986 ἐν
366 1927 406 2003 τῇ
433 1921 601 2004 Τρηχινίη,
626 1918 662 1982 oc
680 1913 717 1983 δὲ
736 1917 777 2000 δὴ
792 1915 949 2000 Ἕλληνες
968 1917 1004 1982 ἑν
1021 1927 1060 2002 τῇ
1079 1919 1195 2006 διόδφ·
1318 1939 1331 1964 ⁴

190 2027 340 2092 καλέεται
373 2021 410 2092 δέ
441 2024 459 2091 ὁ
491 2035 597 2109 χῶρος
629 2019 726 2100 οὗτος
757 2023 821 2089 ὑπὸ
854 2019 915 2107 μὲν
946 2033 1013 2088 τῶν
1044 2026 1196 2090 πλεόνων

187 2131 357 2216 Ἑλλήνων
389 2131 617 2215 Θερμοπύλαι,
649 2129 714 2194 ὑπὸ
752 2126 789 2195 δέ
820 2139 887 2193 τῶν
919 2129 1104 2214 ἐπιχωρίων
1140 2128 1195 2194 καλ

192 2241 370 2324 περιοίκων
389 2238 508 2301 Πύλαι.
546 2235 863 2322 ἐστρατοπεδεύοντο
887 2234 947 2319 μέν
965 2259 1029 2300 νυν
1049 2234 1194 2318 ἑκάτεροι

193 2343 230 2408 έν
258 2343 405 2407 τούτοισι
431 2353 518 2406 τοῖσι
545 2345 711 2427 χωρίοισι,
739 2340 909 2426 ἐπεκράτεε
937 2337 974 2407 δέ
1000 2340 1018 2406 δ
1041 2338 1101 2425 μὲν
1128 2353 1196 2407 τῶν

193 2449 275 2532 πρὸς
297 2445 419 2531 βορέην
442 2448 565 2531 ύίνεμον
588 2447 732 2530 ἐχόντων
754 2447 887 2512 πάντων
908 2445 1002 2533 μέχρι
1024 2428 1195 2533 Τρηχῖνος,

193 2555 229 2620 οί
249 2551 286 2619 δέ
308 2563 375 2618 τῶν
396 2552 479 2634 πρὸς
501 2553 601 2616 νότον
625 2549 688 2638 (τε)
715 2549 770 2616 καὶ
794 2555 1001 2638 μεσαμβρίην
1022 2556 1197 2638 φερόντων

138 2679 191 2727 202
202 2663 239 2726 τὸ
268 2657 321 2726 ε’πλ
347 2653 467 2742 ταύτης
493 2666 550 2741 τῆς
572 2657 719 2740 ἠπείρου.
763 2653 849 2741 ἦσαν
876 2654 913 2723 δέ
941 2659 1011 2724 οἵδε
1028 2656 1196 2744 Ἑλλήνων

194 2769 229 2833 οί
244 2764 465 2851 ὑπομένοντες
482 2764 541 2829 τὸν
556 2763 690 2848 Πέρσην
709 2764 747 2828 ἐν
764 2765 870 2851 τούτφ
888 2771 934 2852 τῷ
952 2765 1062 2852 χύρφ·
1084 2771 1195 2852 Σπαρ-

192 2872 382 2957 τιητέωντε
399 2872 582 2956 τριηκόσιοι
601 2869 731 2935 ὁπλῖται
748 2866 803 2936 καὶ
824 2870 1010 2953 Τεγεητέων
1028 2865 1082 2936 καλ
1101 2876 1197 2938 Μαν-

194 2978 313 3045 τινέων
336 2981 446 3063 χίλιοι,
468 2976 599 3060 ἡμίσεες
623 2974 795 3060 ἑκατέρων,
819 2973 852 3054 ἐξ
872 2969 1070 3062 Ὀρχομενοῦ
1087 3000 1121 3042 τε
1139 2988 1198 3062 της

191 3078 363 3171 Ἀρκαδίης
386 3089 488 3149 είκοσι
510 3079 566 3147 καὶ
588 3080 705 3148 ἑκατὸν
730 3079 786 3146 καὶ
812 3081 848 3146 έκ
870 3091 927 3166 τῆς
949 3087 1065 3166 λοιπῆς
1084 3080 1197 3169 Ἀρκα-

193 3191 270 3274 δίης
291 3194 402 3274 χίλιοι·
425 3198 579 3255 τοσοῦτοι
601 3184 662 3272 μὲν
677 3181 856 3273 Ἀρκάδων,
879 3187 942 3254 ἀπὸ
966 3184 1003 3254 δὲ
1021 3192 1197 3275 Κορίνθου

191 3298 400 3378 τετρακόσιοι
425 3293 481 3360 καλ
508 3295 571 3360 ιἰπὸ
603 3298 786 3370 Φλιοῦντος
813 3295 976 3377 διηκόσιοι
1002 3293 1057 3361 καλ
1079 3299 1198 3380 Μυκη-

194 3398 280 3464 νέων
304 3398 502 3482 ὀγδώκοντα.
548 3393 640 3464 οὗτοι
662 3395 724 3484 μὲν
746 3397 809 3464 ἀπὸ
833 3403 1094 3484 Πελοποννήσου
1115 3422 1198 3484 παρ-

194 3514 294 3588 ῆσαν,
327 3503 408 3567 ἄειδ’
423 3501 460 3568 δέ
487 3507 643 3567 Βοιωτῶν
671 3501 840 3568 Θεσπιέων
866 3527 901 3569 τε
929 3501 1116 3572 ἑπτακόσιοι
1142 3505 1196 3572 καὶ
