2678 3970
203 216 267 278 184
613 213 801 270 HERODOTI

201 356 353 442 μούνων,
377 368 490 444 πρῶτα
513 353 574 444 μέν
597 359 648 424 ὅτι
670 357 732 424 οὐκ
754 361 823 424 ἔστι
845 358 930 435 ὅκως
951 352 1026 424 κοτὲ
1048 357 1130 433 σοὺς
1153 353 1208 422 δέ·

202 463 315 540 ξονται
336 465 456 548 λόγους
479 465 690 548 δουλοσύνην
712 463 876 550 φέροντας
891 472 931 548 τῇ
945 459 1088 545 Ἑλλάδι,
1109 455 1209 539 αὖτις

203 564 241 632 δέ
263 567 307 645 ὡς
329 568 550 636 ἀντιώσονταί
567 593 620 636 τοι
643 569 676 646 ές
698 570 805 654 μάχην
827 567 882 636 καὶ
904 567 948 652 ἣν
970 568 1006 635 οί
1021 569 1116 634 ἄλλοι
1130 564 1208 632 Ἓλ-

202 680 299 758 ληνες
324 675 444 754 πάντες
469 677 510 741 τά
536 677 579 741 σὰ
606 673 781 761 φρονέωσι.
825 674 972 760 ἀριθμοῦ
999 671 1037 740 δέ
1062 672 1139 760 πέρι
1161 674 1207 759 μὴ

200 781 296 870 πύθη
319 781 393 847 ὅσοι
413 777 501 858 τινὲς
523 780 632 858 έάντες
653 789 756 846 ταῦτα
778 779 903 848 ποιέειν
926 773 996 845 οἷοί
1008 779 1047 846 τέ
1063 781 1141 846 είσι·
1162 781 1207 863 ἧυ

200 909 237 952 τε
259 889 322 972 γάρ
344 887 467 972 τύχωσι
489 885 775 973 ἐξεστρατευμένοι
796 891 907 972 χίλιοι,
930 882 1024 954 οὗτοι
1042 888 1207 972 μαχήσου-
1311 894 1312 897 ’

201 995 259 1058 ταί
277 1015 346 1074 τοι,
369 994 412 1075 ἦν
434 1015 469 1058 τε
492 991 668 1069 ἐλάσσονες
688 993 833 1076 τούτων,
858 993 900 1076 ἦν
921 1015 958 1059 τε
979 990 1036 1057 καὶ
1057 996 1206 1068 πλεῦνες.

152 1111 201 1163 ιοι
211 1105 314 1163 ταῦτα
342 1097 485 1175 άκούσας
507 1097 630 1183 Ξέρξης
650 1098 793 1182 γελάσας
814 1101 893 1184 ἔφη·
915 1098 1108 1184 Δημάρητε,
1131 1089 1206 1162 οἷον

201 1201 369 1286 ἐφθέγξαο
392 1206 483 1285 ἔπος,
511 1203 635 1288 ἄνδρας
656 1206 784 1288 χιλίους
805 1211 940 1288 στρατιῇ
962 1203 1082 1288 τοσῇδε
1103 1206 1207 1288 μαχη-

202 1315 331 1374 σεσθαι.
377 1309 450 1391 άγε,
479 1306 551 1374 είπέ
570 1330 642 1391 μοι,
670 1310 713 1372 σὺ
740 1305 807 1394 φῂς
832 1309 960 1374 τούτων
981 1318 1049 1372 τῶν
1071 1307 1208 1394 ἀνδρῶν
1321 1357 1322 1372 2

201 1416 356 1498 βασιλεὺς
387 1414 486 1491 αὐτὸς
514 1412 681 1497 γενέσθαι.
731 1416 774 1480 σὺ
806 1410 854 1480 ὧν
887 1412 1057 1497 ἐθελήσεις
1089 1413 1208 1480 αὐτίκα
1316 1445 1320 1452 ·

202 1521 289 1604 μάλα
311 1519 393 1604 πρὸς
416 1519 540 1604 ἄνδρας
563 1517 642 1585 δέκα
664 1519 844 1604 μάχεσθαι;
880 1521 988 1584 καίτοι
1009 1520 1042 1584 εί
1057 1520 1095 1585 τὸ
1112 1530 1208 1586 πολι-
1323 1540 1324 1554 ’

202 1628 295 1691 τικὸν
317 1625 397 1709 ὑμῖν
418 1632 484 1688 πᾶν
507 1623 575 1688 έστι
597 1632 728 1690 τοιοῦτο
747 1616 821 1690 οἷον
844 1627 886 1690 σὺ
910 1621 1080 1710 διαιρέεις,
1108 1624 1148 1691 σέ
1166 1649 1208 1710 γε

202 1734 262 1796 τὸν
288 1735 409 1795 κείνων
436 1728 572 1812 βασιλέα
599 1726 715 1814 πρέπει
740 1731 823 1816 πρὸς
848 1731 886 1794 τὸ
914 1729 1090 1813 διπλήσιον
1116 1729 1208 1796 άντι-

201 1839 384 1902 τάσσεσθαι
402 1836 483 1928 κατά
501 1836 625 1919 νόμους
641 1837 720 1912 τοὺς
737 1829 924 1922 ὑμετέρους.
957 1836 988 1900 εί
1003 1837 1067 1919 γὰρ
1084 1839 1208 1903 κείνου
1318 1897 1327 1932 ,

200 1946 338 2020 ἕκαστος
365 1940 443 2006 δέκα
467 1939 601 2026 ἀνδρῶν
622 1949 680 2025 τῆς
702 1950 855 2027 στρατιῆς
876 1949 934 2025 τῆς
956 1940 1034 2025 ἐμῆς
1055 1940 1209 2021 άντάξιός
1326 1941 1327 1944 ’

202 2050 282 2132 ἐστι,
306 2045 343 2114 σέ
366 2045 407 2114 δέ
421 2070 459 2130 γε
478 2047 608 2130 δίζημαι
626 2052 730 2111 είκοσι
748 2041 835 2112 εἶναι
852 2043 1021 2124 ἀντάξιον·
1043 2045 1099 2112 καὶ
1117 2048 1208 2116 οὕτω

201 2153 263 2240 μὲν
286 2149 415 2236 ὀρθοῖτ’
441 2151 483 2217 διν
505 2153 524 2217 ὁ
546 2154 644 2236 λόγος
666 2152 684 2218 ὁ
707 2153 795 2237 παρά
815 2151 872 2217 σέο
895 2149 1074 2236 εἰρημένος.
1114 2156 1147 2220 εί
1168 2151 1208 2221 δὲ

201 2261 351 2324 τοιοῦτοί
375 2281 409 2323 τε
432 2257 542 2334 ἐόντες
567 2255 622 2323 καὶ
644 2257 790 2341 μεγάθεα
812 2265 980 2340 τοσοῦτοι,
1008 2258 1082 2324 ὅσοι
1104 2261 1148 2326 σά
1169 2283 1207 2328 τε
1327 2291 1328 2294 “

200 2361 257 2429 καὶ
281 2366 316 2427 οἳ
334 2359 412 2447 παρ’
439 2358 494 2446 ἐμὲ
517 2372 656 2446 φοιτῶσι
674 2357 841 2446 Ἑλλήνων
864 2361 898 2440 ές
920 2366 1049 2447 λόγους,
1073 2364 1207 2450 αὐχέετε

122 2505 126 2512 ·
202 2476 359 2551 τοσοῦτο,
388 2467 450 2551 δρα
477 2467 521 2550 μὴ
548 2465 654 2550 μάτην
676 2468 800 2550 κόμπος
827 2467 846 2532 ὁ
874 2469 972 2552 λόγος
998 2462 1096 2546 οὗτος
1117 2473 1205 2557 εἰρη-

203 2573 302 2662 μένος
327 2563 358 2660 ᾖ.
408 2567 477 2637 ἐπεὶ
509 2568 590 2656 φέρε
622 2572 682 2660 ίδω
714 2568 813 2637 παντὶ
843 2580 888 2661 τῷ
919 2575 1036 2640 οίκότι·
1071 2585 1136 2653 κῶς
1162 2575 1205 2642 ἂν

203 2681 361 2746 δυναίατο
393 2679 494 2763 χίλιοι
524 2675 545 2760 ἢ
571 2673 627 2740 καὶ
654 2677 768 2764 μύριοι
793 2677 815 2762 ἢ
842 2677 897 2743 καὶ
923 2681 1204 2768 πεντακισμύριοι,

203 2787 313 2864 ἐόντες
334 2808 372 2870 γε
400 2783 572 2867 ἐλεύθεροι
599 2780 719 2859 πάντες
745 2783 867 2867 ὁμοίως
894 2783 949 2850 καὶ
975 2787 1020 2869 μὴ
1042 2784 1097 2852 ὑπ’
1130 2785 1205 2865 ἑνὸς

203 2893 392 2980 ἀρχόμενοι,
415 2896 543 2976 στρατῷ
562 2888 688 2976 τοσῷδε
710 2888 914 2974 άντιστῆναι;
943 2891 1016 2958 ἐπεί
1034 2915 1086 2957 τοι
1107 2897 1205 2959 πλεῦ-

203 3022 259 3076 νες
280 2995 355 3084 περὶ
378 2995 436 3062 ἕνα
458 2993 597 3060 ἕκαστον
618 2996 782 3078 γινόμεθα
804 2994 826 3079 ά,
849 2999 959 3081 χίλιοι,
982 2997 1106 3064 ἐόντων
1123 2998 1205 3088 ἐκεί

203 3126 274 3170 νων
304 3102 401 3168 πέντε
432 3101 599 3187 χιλιάδων.
643 3099 709 3166 ὑπὸ
740 3097 801 3185 μὲν
832 3103 895 3186 γάρ
927 3100 1001 3181 ένδς
1027 3103 1205 3190 ἀρχόμενοι

203 3210 285 3274 κατά
315 3211 438 3295 τρόπον
464 3209 524 3274 τὸν
550 3204 710 3292 ἡμέτερον
737 3204 881 3290 γενοίατ’
912 3205 954 3272 δν
981 3209 1205 3295 δειμαίνοντες

203 3321 323 3378 τοῦτον
354 3311 410 3378 καὶ
440 3315 528 3400 παρὰ
556 3313 617 3397 την
647 3311 781 3378 ἑωυτῶν
813 3314 917 3396 φύσιν
949 3313 1119 3399 ἀμείνονες
1149 3315 1204 3382 καὶ

204 3424 288 3485 ίοιεν
324 3417 580 3502 ἀναγκαζόμενοι
616 3418 748 3502 μάστιγι
783 3416 818 3493 ές
852 3423 995 3496 πλεῦνας
1030 3420 1205 3500 ἐλάσσονες
