2640 3960
211 245 255 308 82
626 244 812 300 HERODOTI

211 389 344 472 πρώτου
367 398 424 473 ιής
447 389 551 472 οἰκίης
573 390 694 472 ταύτης
713 385 902 472 Ἀθηναίου.
925 382 1022 463 οὗτος
1040 386 1058 452 ό
1077 388 1221 452 Μιλτιά-

212 494 273 574 δης
290 496 470 578 κατήμενος
489 495 525 561 ἐν
539 507 625 561 τοῖσι
638 496 840 579 προθύροισι
854 504 940 558 τοῖσι
955 491 1091 575 ἑωυτοῦ,
1112 492 1220 577 ὁρέων

210 601 290 675 τοὺς
300 603 493 684 Δολόγκους
501 603 681 684 παριόντας
695 599 819 683 ἐσθῆτα
833 582 966 683 ἔχοντας
979 599 1040 662 ούκ
1055 597 1220 682 ἐγχωρίην

211 703 266 770 καὶ
294 707 411 790 αἰχμάς
437 707 670 790 προσεβώσατο
698 709 756 769 καί
780 721 841 788 σφι
867 709 1093 787 προσελθοῦσι
1121 703 1220 786 ἐπηχ-

211 814 341 894 γείλατο
369 814 562 895 καταγωγήν
589 810 644 876 καὶ
677 812 788 890 ξείνια.
825 811 860 874 οί
890 807 926 874 δὲ
957 809 1130 892 δεξάμενοι
1165 807 1220 874 καὶ

212 916 431 995 ξεινισθέντες
453 914 514 982 ὑπ’
541 918 643 982 αὐτοῦ
663 916 837 1000 ἐξέφαινον
855 925 921 980 πᾶν
940 916 975 980 οί
989 917 1027 979 τὸ
1046 917 1219 999 μαντήιον,

212 1024 413 1109 ἐκφήναντες
441 1021 477 1088 δὲ
501 1024 632 1089 ἐδέοντο
662 1023 766 1088 αὐτοῦ
787 1031 832 1109 τῷ
856 1029 925 1109 θεῷ
949 1046 1006 1104 μιν
1029 1023 1219 1085 πεύθεσθαι.

214 1130 400 1196 Μιλτιάδεα
420 1127 456 1194 δὲ
475 1130 662 1195 άκούσαντα
680 1131 865 1213 παραυτίκα
884 1130 991 1192 ἔπεισε
1009 1126 1027 1191 δ
1047 1129 1147 1208 λόγος
1165 1118 1219 1191 οἷα

212 1236 400 1320 ἀχθόμενόν
427 1259 462 1301 τε
487 1245 527 1320 πή
551 1235 791 1319 Πεισιστράτου
818 1234 900 1318 ἀρχή
927 1231 982 1298 καλ
1009 1235 1218 1316 βουλόμενον

212 1341 361 1406 ἐκποδὼν
379 1336 472 1406 εἶναι.
496 1341 612 1405 αὐτίκα
632 1337 669 1405 δέ
687 1339 804 1421 ἐστάλη
824 1337 856 1414 ἐς
875 1340 1031 1419 Δελφούς
1049 1337 1219 1422 ἐπειρησό-

212 1470 311 1531 μενος
333 1449 370 1511 τδ
393 1449 593 1532 χρηστήριον
612 1448 643 1510 εί
659 1443 766 1510 ποιέοι
784 1445 824 1509 τά
842 1466 902 1529 περ
922 1445 1025 1509 αὐτοῦ
1044 1445 1079 1509 οἱ
1090 1448 1219 1526 Δόλογ-

159 1562 194 1611 36
213 1577 265 1617 κοι
283 1553 512 1637 προσεδέοντο.
539 1553 737 1634 κελευούσης
756 1548 792 1616 δέ
814 1549 868 1616 καὶ
890 1560 948 1634 τής
966 1553 1110 1634 Πυθίης,
1132 1551 1220 1616 ούτω

214 1660 254 1742 δή
278 1659 464 1741 Μιλτιάδης
487 1658 505 1723 ὁ
527 1657 696 1740 Κυψέλου,
716 1653 873 1741 Ὀλύμπια
892 1657 1120 1741 ἀναραιρηκὼς
1139 1659 1219 1741 πρό-

174 1769 175 1774 ’
213 1788 310 1850 τερον
335 1765 463 1828 τούτων
490 1766 677 1850 τεθρίππῳ,
705 1766 779 1828 τότε
806 1763 1006 1848 παραλαβὼν
1029 1757 1219 1829 Ἀθηναίων

212 1871 318 1935 πάντα
335 1871 395 1934 τὸν
418 1873 622 1954 βουλόμενον
646 1869 791 1954 μετέχειν
813 1878 873 1934 τοῦ
897 1871 1017 1933 στόλου
1041 1870 1134 1932 ἔπλεε
1152 1868 1220 1952 ἅμα

212 1987 299 2042 τοῖσι
317 1978 517 2058 Δολόγκοισι
535 1974 589 2040 καὶ
604 1979 677 2059 ἐσχε
691 1976 751 2058 τήν
766 1976 886 2059 χώρην.
913 1978 970 2038 καί
980 1997 1039 2057 μιν
1054 1975 1088 2038 ολ
1101 1973 1220 2056 ἐπαχα·

213 2085 349 2167 χόμενοι
366 2084 533 2168 τύραννον
553 2083 801 2163 κατεστήσαντο.
826 2080 844 2145 δ
864 2077 900 2145 δέ
918 2090 1049 2164 πρῶτον
1068 2078 1129 2163 μέν
1143 2080 1220 2144 άπε-

213 2192 332 2273 τείχισε
355 2190 413 2252 τὸν
438 2190 561 2272 ἰσθμὸν
579 2197 636 2270 τής
655 2189 869 2272 Χερσονήσου
889 2187 923 2251 ἐκ
938 2187 1086 2270 Καρδίης
1104 2189 1221 2262 πόλιος

214 2294 247 2370 ἐς
261 2294 429 2376 Πακτύην,
449 2295 504 2360 ἵνα
518 2295 561 2377 μή
577 2292 683 2376 έχοιέν
698 2307 800 2376 σφεας
815 2292 850 2357 οί
858 2287 1025 2370 Ἀψίνθιοι
1040 2290 1221 2373 δηλέεσθαι

214 2399 428 2481 ἐσβάλλοντες
451 2398 484 2474 ἐς
506 2400 566 2480 τήν
588 2399 708 2482 χώρην.
733 2397 796 2462 είσὶ
816 2395 852 2462 δέ
872 2393 963 2463 οὗτοι
982 2397 1111 2462 στάδιοι
1130 2396 1164 2474 έξ
1183 2421 1219 2462 τε

213 2502 268 2568 καὶ
290 2504 466 2588 τριήκοντα
488 2511 548 2567 τοῦ
572 2505 709 2587 ἰσθμοῦ·
733 2504 795 2568 άπὸ
816 2501 853 2568 δέ
870 2513 931 2569 τοῦ
955 2506 1078 2588 ίσθμοῦ
1095 2504 1220 2568 τούτου

213 2610 234 2694 η
249 2611 460 2694 Χερσόνησος
473 2611 537 2674 ἐσσι
555 2609 643 2674 πᾶσά
661 2609 730 2674 ἐστι
748 2611 892 2674 σταδίων
911 2615 1014 2674 είκοσι
1032 2607 1086 2674 καὶ
1105 2632 1217 2695 τετρα-

161 2722 195 2771 37
215 2720 338 2782 κοσίωυ
356 2717 393 2779 τὸ
412 2723 522 2799 μήκος.
555 2714 760 2799 ἀποτειχίσας
779 2711 826 2780 ὧν
844 2716 903 2779 τὸν
921 2713 1043 2800 αὐχένα
1061 2724 1118 2798 τής
1137 2720 1221 2800 Χερ-

214 2827 361 2908 σονήσου
380 2821 398 2887 ὁ
413 2822 599 2904 Μιλτιάδης
617 2819 672 2886 καὶ
689 2823 768 2896 τοὺς
778 2818 973 2898 Ἀψινθίους
986 2823 1095 2909 τρόπῳ
1110 2822 1221 2886 τοιού-

213 2953 259 3017 τφ
284 2929 451 3014 ὠσάμενος
473 2938 540 2992 τῶν
563 2933 688 2992 λοιπῶν
706 2929 864 3012 πρώτοισι
883 2924 1062 3009 ἐπολέμησε
1080 2931 1220 3010 Λαμψα-

214 3046 354 3117 κηνοῖσι.
391 3037 450 3098 καί
469 3057 527 3117 μιν
551 3034 585 3098 οί
605 3030 827 3117 Λαμψακηνοὶ
850 3033 1047 3115 λοχήσαντες
1069 3031 1221 3116 αίρέουσι

216 3143 344 3224 ζωγρίη.
368 3136 410 3223 ήν
429 3136 465 3204 δὲ
485 3139 502 3205 ὁ
521 3139 708 3222 Μιλτιάδης
721 3141 855 3225 Κροίσῳ
875 3145 919 3224 τῷ
935 3138 1038 3224 Λυδῷ
1054 3136 1090 3202 ἐν
1104 3139 1218 3222 γνώμη

214 3245 373 3329 γεγονώς·
396 3247 586 3329 πυθόμενος
601 3241 647 3309 ὧν
662 3245 681 3310 ό
694 3248 839 3328 Κροῖσος
852 3251 954 3308 ταῦτα
968 3242 1105 3326 πέμπων
1117 3265 1219 3328 προη-

214 3353 332 3434 γόρευε
355 3360 441 3414 τοῖσι
465 3355 718 3433 Λαμψακηνοῖσι
741 3349 885 3434 μετιέναι
908 3348 1106 3414 Μιλτιάδεα·
1130 3351 1162 3413 εί
1183 3344 1219 3412 δὲ

214 3458 269 3538 μή,
294 3452 399 3538 σφέας
421 3457 535 3530 πίτυος
558 3456 682 3538 τρόπον
706 3453 833 3518 ἀπείλεε
852 3452 1025 3540 ἐκτρίψειν.
1049 3451 1219 3537 πλανωμέ-
