2678 3968
189 226 259 289 240
605 225 792 280 HERODOTI

182 365 362 452 Ἑλλήνων.
393 368 534 455 ὕστερον
567 367 604 435 δὲ
637 370 748 445 δείσας
778 370 1063 452 Λακεδαιμονίους
1093 371 1197 452 ἔφυγε

188 477 225 550 ἐς
250 477 451 558 Θεσσαλίην,
479 477 537 539 καί
561 476 598 540 οἰ
621 477 764 559 φυγόντι
790 474 855 540 ὑπὸ
882 485 949 538 τῶν
976 477 1196 560 Πυλαγόρων,

188 590 258 644 τῶν
277 576 526 666 Ἀμφικτυόνων
548 580 582 657 ἐς
604 581 664 664 τήν
687 583 842 663 Πυλαίην
864 577 1116 662 συλλεγομένων
1139 580 1197 664 άρ-

188 686 310 769 γύριον
333 686 550 773 ἐπεκηρύχθη.
582 689 691 774 χρόνῳ
715 682 751 751 δέ
778 686 934 772 ὕστερον,
963 689 1106 768 κατῆλθε
1132 687 1196 771 γάρ

188 791 225 868 ἐς
242 788 448 878 Ἀντικύρην,
471 791 617 856 ἀπέθανε
637 791 701 856 ὑπὸ
721 785 912 874 Ἀθηνάδεω
936 789 1058 876 ἀνδρὸς
1080 795 1197 876 Τρηχι·

189 899 275 962 σίου.
307 897 326 964 ὁ
354 894 391 963 δέ
415 891 601 980 Ἀθηνάδης
629 892 726 974 οὗτος
748 894 915 962 ἀπέκτεινε
943 892 1004 980 μὲν
1024 890 1196 980 Ἐπιάλτην
1314 923 1322 940 ¹

189 999 236 1068 δι’
266 1004 371 1087 ἄλλην
398 1005 522 1086 αἰτίην,
554 1004 614 1085 τήν
642 1001 706 1085 ἐγὼ
734 1001 771 1068 ἐν
800 1013 887 1068 τοῖσι
916 1003 1036 1067 ὄπισθε
1067 1004 1197 1086 λόγοισι

190 1108 359 1192 σημανέω,
392 1108 530 1193 ἐτιμήθη
559 1106 673 1192 μέντοι
699 1108 764 1173 ὑπὸ
791 1110 1065 1192 Λακεδαιμονίων
1095 1105 1197 1174 ούδέν

190 1209 304 1298 ησσον.
341 1211 513 1299 Ἐπιάλτης
535 1210 596 1298 μὲν
619 1214 705 1278 οὕτω
728 1213 869 1298 ὕστερον
892 1214 1020 1279 τούτων
1038 1211 1196 1280 ἀπέθανε·

136 1335 191 1386 214
200 1322 269 1386 ἔστι
292 1317 330 1386 δὲ
352 1320 462 1405 ἕτερος
483 1322 660 1404 λεγόμενος
682 1321 794 1402 λόγος,
818 1319 862 1396 ὡς
881 1316 1016 1402 Ὀνήτης
1037 1342 1073 1383 τε
1091 1318 1109 1383 ὁ
1130 1323 1197 1382 Φα-

190 1428 339 1512 ναγόρεω
365 1425 449 1510 άνήρ
471 1427 659 1511 Καρύστιος
681 1423 735 1490 καὶ
754 1426 970 1510 Κορυδαλλὸς
990 1421 1198 1510 Ἀντικυρεύς

192 1533 257 1598 εἰσι
276 1533 312 1597 οί
327 1538 475 1609 εἴπαντες
491 1533 575 1616 πρὸς
597 1528 733 1615 βασιλέα
750 1531 889 1608 τούτους
905 1533 984 1607 τοὺς
1005 1533 1125 1614 λόγους
1142 1529 1198 1596 καὶ

190 1638 469 1724 περιηγησάμενοι
485 1639 522 1702 τὸ
541 1639 619 1722 όρος
636 1648 723 1702 τοῖσι
740 1634 900 1722 Πέρσησι,
920 1635 1073 1722 οὐδαμῶς
1087 1639 1197 1721 ἔμοιγε
1321 1705 1322 1720 ,

190 1745 314 1820 πιστός.
344 1752 442 1808 τοῦτο
470 1740 531 1828 μέν
558 1745 621 1828 γάρ
643 1743 728 1832 τῷδε
755 1744 816 1828 χρή
841 1743 1120 1827 σταθμώσασθαι,
1148 1743 1198 1808 ὅτι

190 1849 229 1914 οἰ
246 1860 313 1914 τῶν
331 1846 499 1933 Ἑλλήνων
517 1851 711 1932 Πυλαγόροι
733 1847 935 1934 ἐπεκήρυξαν
957 1847 1020 1913 οὐκ
1036 1845 1089 1913 ἐπὶ
1108 1842 1198 1930 Ὀνή-

191 1978 231 2040 τη
255 1979 291 2020 τε
313 1953 367 2020 καί
389 1957 596 2044 Κορυδαλλῷ
619 1955 781 2039 ἀργύριον
804 1951 874 2019 ἀλλ’
901 1951 954 2020 ἐπὶ
976 1951 1129 2038 Ἐπιάλτῃ
1152 1961 1197 2041 τῷ

196 2064 375 2148 Τρηχινίῳ,
406 2062 539 2139 πάντως
568 2085 629 2127 κου
660 2061 697 2126 τὸ
731 2058 966 2145 ἀτρεκέστατον
996 2062 1198 2143 πυθόμενοι·

190 2175 290 2230 τοῦτο
314 2164 350 2230 δὲ
374 2168 540 2250 φεύγοντα
560 2164 735 2248 Ἐπιάλτην
757 2165 881 2248 ταύτην
898 2167 959 2248 τήν
979 2167 1087 2249 αἰτίην
1107 2166 1195 2229 οἰδα-

192 2293 263 2353 μεν.
296 2272 398 2354 εἰδείη
425 2269 487 2355 μὲν
514 2273 577 2356 γάρ
600 2271 641 2336 άν
664 2269 719 2336 καί
742 2271 806 2336 ἐὼν
836 2273 879 2355 μή
902 2273 1053 2354 Μηλιεὺς
1074 2271 1199 2352 ταύτην

191 2375 254 2457 τήν
276 2373 422 2458 ἀτραπὸν
442 2373 584 2460 Ὀνήτης,
609 2379 640 2440 εί
655 2384 694 2462 τῇ
713 2377 803 2461 χάρη
822 2378 927 2442 πολλὰ
945 2377 1115 2461 ὡμιληκὼς
1134 2382 1203 2460 εἴη’

192 2473 264 2544 ἀλλ’
296 2476 469 2563 Ἐπιάλτης
496 2481 561 2565 γάρ
593 2481 661 2546 ἐστι
694 2481 712 2546 δ
743 2481 1024 2566 περιηγησάμενος
1055 2483 1091 2547 τὸ
1120 2483 1198 2567 όρος

138 2587 284 2654 εισκατά
317 2585 378 2668 τήν
412 2584 573 2670 ἀτραπόν,
607 2595 727 2652 τούτου
760 2593 866 2653 αἰτιον
902 2587 1028 2673 γράφω.
1076 2586 1198 2672 Ξέρξης

194 2691 241 2775 δέ,
265 2689 334 2757 ἐπεὶ
356 2693 453 2775 ήρεσε
475 2692 515 2756 τά
545 2690 703 2776 ὑπέσχετο
732 2690 903 2776 Ἐπιάλτης
925 2693 1196 2779 κατεργάσεσθαι,

192 2797 309 2862 αὐτίκα
331 2797 509 2882 περιχαρής
534 2800 712 2882 γενόμενος
734 2801 855 2881 ἔπεμπε
872 2794 1031 2882 Ὑδάρνεα
1053 2795 1197 2862 καὶτῶν

193 2903 385 2988 ἐστρατήγεε
408 2899 574 2986 Ὑδάρνης.
607 2901 745 2988 ὁρμέατο
778 2900 815 2966 δὲ
841 2900 916 2988 περὶ
948 2903 1080 2986 λύχνων
1112 2901 1198 2986 ἁφάς
1309 2919 1322 2948 έ

191 3007 229 3074 έιι
250 3017 312 3074 τοῦ
334 3006 567 3094 στρατοπέδου.
594 3009 654 3091 την
678 3004 715 3072 δὲ
737 3007 883 3092 ἀτραπὸν
912 3007 1036 3090 ταύτην
1063 3007 1197 3093 ἐξεῦρον

191 3110 254 3197 μὲν·
282 3113 318 3178 οί
342 3113 511 3197 ἐπιχώριοι
537 3111 695 3196 Μηλιέες,
724 3111 911 3198 ἐξευρόντες
938 3109 976 3178 δὲ
1001 3117 1197 3179 Θεσσαλοῖσι

192 3221 420 3302 κατηγήσαντο
448 3216 500 3284 ἐπὶ
530 3217 678 3301 Φωκέας,
708 3220 782 3283 τότε
811 3219 865 3284 ὅτε
893 3218 928 3283 οἰ
956 3217 1086 3295 Φωκέες
1115 3219 1195 3302 φρά-

191 3322 306 3401 ξαντες
333 3327 434 3408 τείχει
458 3324 520 3406 τήν
547 3323 688 3407 ἐσβολήν
714 3319 799 3406 ήσαν
826 3323 863 3390 ἐν
891 3322 992 3409 σκέπη
1020 3332 1081 3389 τοῦ
1102 3323 1197 3389 πολέ-

192 3447 272 3508 μου·
295 3429 331 3492 ἐκ
352 3450 388 3492 τε
409 3430 511 3493 τόσου
535 3429 576 3512 δή
598 3427 807 3493 κατεδέδεκτο
831 3427 932 3494 ἐοῦσα
950 3426 1051 3494 οὐδὲν
1074 3431 1196 3515 χρηστή
1321 3425 1322 3432 ¹
