2640 3960
465 226 532 282 LlB.
547 228 579 283 v.
618 227 694 282 CAP.
717 233 871 282 τοι-ιον,
1134 229 1177 292 59

165 381 302 459 πρῆγμα
317 371 460 456 ἐργάσαο
475 371 535 456 ἐμέ
546 372 609 437 ἀπὸ
623 373 796 454 θαλάσσης
809 371 1019 437 ἀνάσπαστον
1030 375 1178 455 ποιήσας.

159 479 275 556 Ἴωνες
301 481 365 564 γὰρ
393 483 502 543 οίκασι
530 477 608 562 ἐμεῦ
637 476 670 556 ἐξ
700 478 886 562 ὀφθαλμῶν
910 495 971 562 σφι
992 478 1177 563 γενομένου

166 594 304 669 ποιήσαι
326 593 393 648 τῶν
416 584 516 649 πάλαι
539 583 655 668 ἵμερον
673 579 778 668 εἶχον·
802 582 877 669 ἐμέο
897 581 927 648 δ’
950 583 991 649 δν
1010 585 1122 662 ἐόντος
1139 583 1177 650 ἐν

163 689 275 776 Ἰωνίη
308 691 446 773 οὐδεμία
477 691 572 765 πόλις
603 688 788 774 ὑπεκίνησε.
834 698 898 754 νῦν
931 685 978 755 ὧν
1010 691 1054 768 ὡς
1080 691 1178 775 τάχος

166 799 247 874 ἄπες
270 821 310 881 με
327 801 536 880 πορευθῆναι
554 793 588 871 ές
602 792 743 879 Ἰωνίην,
765 795 821 861 ’ίνα
839 819 891 862 τοι
909 797 1002 861 κεῖνά
1019 820 1053 860 τε
1071 797 1177 860 πάντα

165 905 352 989 καταρτίσω
371 901 404 978 ές
421 901 528 966 τώυτὸ
549 898 604 965 καί
621 901 680 965 τὸν
694 903 849 984 Μιλήτου
863 901 1041 988 ἐπίτροπον
1057 911 1177 967 τοῦτον

164 1012 228 1075 τὸν
245 1018 348 1074 ταῦτα
366 1007 644 1092 μηχανησάμενον
658 1005 882 1092 ἐγχειρίθετον
895 1009 1042 1094 παραδῶι
1076 1017 1177 1072 ταῦτα

165 1113 206 1180 δὲ
233 1116 315 1179 κατά
341 1115 425 1179 νόον
451 1115 511 1178 τὸν
539 1113 602 1178 σὸν
624 1115 764 1195 ποιήσας
790 1117 894 1192 θεοὺς
915 1115 1078 1199 ἐπόμνυμι
1099 1116 1178 1189 τοὺς

165 1223 363 1306 βασιληίους
399 1219 442 1303 μή
480 1215 541 1303 μὲν
573 1220 736 1304 πρότερον
768 1219 968 1286 έκδόσεσθαι
1001 1222 1061 1285 τὸν
1093 1221 1178 1304 έχων

164 1334 297 1414 κιθῶνα
324 1327 551 1409 καταβήσομαι
581 1323 615 1401 ἐς
639 1321 786 1409 Ἰωνίην,
813 1325 893 1413 πρὶν
916 1328 958 1392 άν
980 1350 1033 1392 τοι
1055 1326 1177 1409 Σαρδὼ

165 1442 274 1516 νῆσον
307 1432 369 1515 τήν
400 1435 559 1515 μεγίστην
592 1432 809 1517 δασμοφόρον
839 1434 976 1515 ποιήσω.
1018 1427 1170 1508 Ἱστιαῖος
1181 1451 1230 1498 107

165 1537 231 1624 μὲν
258 1537 365 1620 λέγων
392 1547 495 1602 ταῦτα
524 1535 690 1621 διέβαλλε,
718 1543 862 1623 Δαρεῖος
889 1535 926 1603 δὲ
951 1538 1101 1603 ἐπείθετο
1124 1541 1182 1602 καί

166 1670 228 1730 μιν
247 1644 346 1726 ἀπίει,
370 1643 607 1728 ἐντειλάμενος,
631 1643 730 1708 ἐπεὰν
748 1645 788 1708 τά
805 1644 964 1729 ὑπέσχετό
982 1644 1018 1708 οί
1033 1643 1178 1709 ἐπιτελέα

168 1753 307 1835 ποιήση,
331 1751 579 1834 παραγίνεσθαί
599 1749 635 1813 οί
655 1749 758 1816 ὀπίσω
782 1751 815 1827 ές
837 1751 877 1814 τά
900 1754 1024 1815 Σοῦσα.
1109 1823 1112 1830 ,

255 1854 311 1920 Ἐν
339 1846 365 1942 ᾧ
391 1851 428 1920 δὲ
449 1853 471 1937 ή
494 1853 629 1937 ἀγγελίη
652 1878 688 1920 τε
714 1852 879 1941 περὶτῶν
901 1857 1060 1939 Σαρδίων
1083 1857 1171 1941 παρὰ
1182 1873 1230 1922 108

170 1959 306 2047 βασιλέα
335 1960 428 2042 ἀνήιε
456 1957 512 2024 καὶ
534 1964 679 2043 Δαρεῖος
705 1963 745 2025 τά
767 1959 843 2046 περὶ
864 1962 902 2026 τὸ
920 1960 1019 2040 τόξον
1040 1963 1180 2044 ποιήσας

163 2065 308 2154 Ἱστιαίω
331 2065 365 2142 ές
387 2067 509 2156 λόγους
530 2061 615 2148 ἦλθε
638 2064 693 2132 καὶ
711 2063 863 2143 Ἱστιαῖος
885 2066 1097 2151 μεμετιμένος
1114 2068 1179 2134 ὑπὸ

172 2177 321 2260 Δαρείου
345 2172 508 2256 ἐκομίζετο
532 2169 585 2236 ἐπὶ
607 2173 797 2254 θάλασσαν,
825 2171 990 2260 ἐντούτῳ
1013 2171 1112 2239 παντὶ
1133 2183 1178 2262 τῷ

167 2284 280 2368 χρόνῳ
304 2279 430 2362 ἐγίνετο
453 2277 545 2342 τάδε·
568 2277 797 2364 πολιορκέοντι
815 2287 860 2366 τῷ
880 2282 1073 2368 Σαλαμινίῳ
1090 2274 1179 2364 Ὀνη-

168 2391 253 2474 σίλρι
277 2384 523 2468 Ἀμαθουσίους
550 2382 775 2467 ἐξαγγέλλεται
801 2383 901 2468 νηυσὶ
924 2387 1080 2470 στρατιήν
1102 2393 1180 2452 πολ-

167 2495 232 2576 λήν
255 2492 380 2574 άγοντα
403 2491 574 2575 Περσικήν
593 2486 767 2576 Ἀρτύβιον
790 2492 897 2577 ἄνδρα
920 2490 1057 2578 Πέρσην
1079 2509 1180 2578 προσ-

168 2601 310 2682 δόκιμον
340 2596 373 2672 ές
399 2597 460 2680 τήν
488 2597 628 2682 Κύπρον
656 2591 750 2662 εἶναι.
796 2600 987 2682 πυθόμενος
1014 2595 1051 2664 δὲ
1077 2608 1179 2664 ταῦτα

164 2701 335 2788 Ὀνήσιλος
362 2703 507 2787 κήρυκας
534 2701 690 2787 διέπεμπε
717 2703 750 2780 ἐς
776 2705 837 2786 τήν
858 2698 987 2786 Ἰωνίην
1011 2703 1179 2770 ἐπικαλεό-

162 2813 269 2895 ,μενός
292 2825 404 2892 σφεας.
437 2805 551 2885 Ἴωνες
575 2805 612 2874 δὲ
635 2808 696 2874 οὐκ
720 2809 753 2885 ές
771 2811 898 2894 μακρήν
917 2809 1179 2893 βουλευσάμενοι

166 2912 252 3000 ήκον
275 2919 386 3002 πολλῷ
411 2917 527 3001 στόλῳ.
563 2913 677 2991 Ἴωνές
695 2937 729 2979 τε
749 2915 790 2997 δή
809 2923 961 3000 παρῆσαν
980 2913 1013 2990 ές
1030 2915 1091 2998 τήν
1109 2917 1178 2981 Κό-

167 3044 256 3108 προν
282 3018 338 3085 καὶ
366 3021 401 3084 οί
421 3021 549 3106 Πέρσαι
572 3019 672 3102 νηυσὶ
696 3019 868 3103 διαβάντες
891 3019 927 3085 έκ
947 3028 1005 3102 της
1027 3023 1179 3105 Κιλικίης

167 3130 268 3211 ήισαν
291 3124 344 3192 ἐπὶ
367 3127 428 3210 τήν
450 3131 626 3210 Σαλαμῖνα
648 3129 739 3210 πεζῇ·
761 3134 836 3209 τῇσι
860 3122 896 3190 δέ
919 3123 1018 3210 νηυσί
1042 3126 1077 3191 oc
1100 3131 1177 3192 Φοί-

167 3257 258 3310 νικες
281 3232 474 3318 περιέπλεον
497 3233 558 3315 τήν
581 3224 686 3317 δίκρην
705 3233 742 3295 αἳ
761 3235 936 3298 καλεῦνται
956 3233 1099 3316 Κληῖδες
1121 3243 1178 3317 τῆς

168 3341 320 3424 Κάπρον.
365 3339 486 3404 τούτου
524 3335 561 3402 δὲ
592 3337 747 3402 τοιούτου
777 3337 957 3422 γινομένου
992 3336 1104 3416 ἔλεξαν
1137 3340 1229 3406 οίιοο
1293 3354 1296 3360 “

167 3433 330 3532 τύραννοι
352 3454 410 3528 τῆς
427 3445 579 3528 Κύπρου,
600 3441 944 3527 συγκαλέσαντεςτῶν
959 3441 1082 3511 Ἰώνων
1100 3467 1178 3520 τους
