2678 3970
423 277 565 335 LIB.V11.
603 277 680 334 cAP.
702 284 857 334 τεο-134.
1081 279 1143 345 197

141 423 366 506 Περραιβούς·
400 422 435 486 οί
460 417 497 486 δέ
525 422 566 504 δῆ
594 424 733 507 κήρυκες
756 422 791 487 οί
810 421 1082 507 ἀποπεμφθέντες
1111 423 1144 501 ές

140 528 202 610 τῆν
221 524 360 592 Ἑλλάδα
383 525 436 593 έπδ
457 535 518 611 γῆς
540 533 670 611 αἴτησιν
689 527 825 592 ἀπίκατο
845 529 881 592 οί
895 525 956 612 μὲν
973 533 1087 612 κεινοί,
1111 526 1164 596 οί

141 627 180 697 δὲ
201 630 359 716 φέροντες
380 641 444 716 γῆν
465 655 500 697 τε
522 631 577 697 καί
599 633 699 719 ὕδωρ.
735 643 802 698 τῶν
826 629 862 698 δὲ
886 634 1014 700 δόντων
1030 643 1133 702 ταῦτα
1145 653 1195 702 13ε

141 737 295 822 ἐγένοντο
319 739 404 821 οἵδε,
430 741 607 821 Θεσσαλοί,
631 742 797 821 Δόλοπες,
818 733 977 822 Ἐνιῆνες,
1001 745 1143 826 Περραι-

140 848 207 929 βοί,
230 847 366 930 Λοκροί,
389 844 581 928 Μάγνητες,
603 843 764 927 Μηλιέες,
789 840 913 929 Ἀχαιοδ
936 846 971 910 ολ
993 850 1144 912 Φθιῶται

140 949 197 1016 καὶ
219 954 360 1034 Θηβαῖοι
386 948 441 1015 καὶ
469 951 503 1016 οί
523 951 617 1015 ἀλλον
641 949 782 1016 Βοιωτοὶ
808 952 895 1034 πλὴν
918 951 1087 1017 Θεσπιέων
1108 975 1143 1018 τε

140 1055 195 1122 καὶ
218 1055 421 1122 Πλαταιέων.
468 1053 521 1122 ἐπὶ
542 1058 689 1122 τούτοισι
712 1059 747 1122 οί
767 1054 923 1141 Ἕλληνες
946 1060 1066 1141 ἔταμον
1089 1058 1143 1143 ὅρ-

140 1186 215 1230 κιον
234 1165 269 1228 οί
283 1171 329 1250 τῷ
348 1162 502 1250 βαρβάρῳ
521 1165 666 1248 πόλεμον
685 1162 881 1248 ἀειράμενοι.
916 1165 953 1229 τὸ
973 1160 1010 1229 δὲ
1029 1164 1143 1248 ὅρκιον

141 1265 207 1336 ὧδε
235 1265 314 1354 εἶχε,
343 1269 416 1334 ὅσοι
442 1275 487 1356 τῷ
511 1267 625 1354 Πέρσῃ
653 1270 775 1334 ἔδοσαν
797 1268 901 1353 σφέας
924 1269 1045 1346 αὐτοὺς
1068 1267 1143 1335 Ἕλ-

140 1383 239 1460 ληνες
261 1376 380 1457 ἐόντες,
403 1375 447 1458 μῆ
471 1373 744 1458 ἀναγκασθέντες,
767 1374 998 1440 καταστάντων
1021 1391 1082 1459 σφι
1105 1369 1144 1440 εὖ

140 1495 208 1548 τῶν
229 1482 445 1566 πρηγμάτων,
474 1481 613 1556 τούτους
636 1482 828 1546 δεκατεῦσαι
850 1483 895 1569 τῷ
920 1480 956 1546 έν
979 1486 1143 1565 Δελφοῖσι

140 1596 220 1677 θεῷ.
256 1589 293 1652 τὸ
316 1584 377 1672 μέν
400 1588 441 1670 δῆ
465 1587 579 1670 ὅρκιον
602 1582 667 1652 ὧδε
689 1581 755 1671 εἶχε
772 1598 858 1651 τοῖσι
872 1583 1022 1670 Ἕλλησι·
1045 1587 1078 1662 ές
1097 1583 1133 1651 δὲ
1146 1606 1195 1654 133

138 1693 281 1780 Ἀθήνας
307 1692 363 1758 καὶ
389 1693 548 1775 Σπάρτην
576 1692 637 1758 οὐκ
664 1691 831 1777 ἀπέπεμψε
856 1691 978 1778 Ξέρξης
1005 1690 1058 1757 ἐπὶ
1083 1701 1143 1776 γῆς

141 1808 271 1885 αἴτησιν
289 1803 434 1885 κῆρυκας
451 1799 556 1862 τῶνδε
575 1798 696 1862 εἵνεκα·
718 1801 880 1882 πρότερον
898 1801 1047 1884 Δαρείου
1064 1796 1143 1882 πέμ-

8 1933 23 1963 ·
141 1918 265 1986 ψαντος
292 1903 344 1972 ἐπ’
376 1904 456 1970 αὐτὸ
478 1912 576 1968 τοῦτο
605 1905 640 1967 οί
660 1899 720 1987 μέν
743 1903 854 1968 αὐτῶν
876 1906 954 1980 τοὺς
976 1902 1143 1979 αἰτέοντας

121 2016 174 2092 ’ές
196 2016 233 2079 τὸ
256 2013 446 2098 βάραθρον,
475 2009 510 2074 οί
531 2005 561 2074 δ’
588 2008 621 2085 ές
644 2008 750 2094 φρέαρ
775 2009 968 2092 ἐσβαλόντες
991 2008 1142 2074 ἐκέλευον

140 2129 204 2204 γῆν
222 2143 257 2184 τε
275 2115 330 2182 καὶ
347 2117 440 2201 ὕδωρ
459 2115 495 2181 ἐκ
511 2115 639 2180 τούτων
658 2112 773 2200 φέρειν
790 2115 879 2200 παρά
897 2113 1040 2197 βασιλέα.
1063 2116 1139 2180 τού-

140 2249 208 2290 των
235 2221 295 2308 μὲν
323 2224 431 2288 ε’ίνεκα
458 2221 519 2286 οὐκ
542 2223 663 2305 ἔπεμψε
686 2219 808 2306 Ξέρξης
838 2223 916 2296 τοὺς
938 2222 1141 2304 αίτῆσοντας.

141 2332 160 2396 ὅ
178 2353 211 2394 τι
229 2325 266 2393 δὲ
283 2339 369 2393 τοῖσι
384 2324 591 2410 Ἀθηναίοισι
609 2335 712 2391 ταῦτα
730 2328 886 2410 ποιήσασι
903 2329 982 2404 τοὺς
999 2330 1142 2414 κήρυκας

141 2437 314 2520 συνῆνεικε
340 2431 542 2516 ἀνεθέλητον
565 2430 737 2516 γενέσθαι,
766 2432 827 2497 οὐκ
849 2435 910 2517 έχω
934 2428 1032 2517 εἶπαι,
1054 2435 1142 2516 πλὴν

142 2544 192 2609 ὅτι
215 2539 328 2626 σφέων
350 2539 371 2624 ῆ
393 2540 482 2625 χώρη
505 2537 560 2604 καὶ
582 2538 602 2622 ῆ
625 2541 719 2615 πόλις
741 2539 897 2623 ἐδηιώθη.
939 2539 1022 2604 ἀλλά
1043 2547 1141 2604 τοῦτο

142 2650 182 2716 οὐ
205 2650 261 2714 διά
282 2647 405 2729 ταύτην
431 2647 492 2729 τῆν
516 2646 624 2728 αίτίην
648 2644 752 2710 δοκέω
774 2645 942 2728 γενέσθαι.
986 2655 1073 2710 τοῖσι
1096 2639 1133 2709 δέ
1144 2662 1194 2711 134

142 2752 189 2822 ὧν
211 2755 504 2838 Λακεδαιμονίοισι
531 2761 627 2836 μῆνις
653 2749 835 2834 κατέσκηψε
861 2753 1055 2833 Ταλθυβίου
1081 2757 1142 2813 τοῦ

8 2923 26 2956 ,,
137 2860 379 2946 Ἀγαμέμνονος
404 2862 555 2944 κήρυκος.
600 2857 637 2922 έν
663 2858 727 2942 γάρ
751 2856 888 2941 Σπάρτη
917 2853 985 2920 ἐστὶ
1012 2858 1142 2918 Ταλθυ-

141 2972 217 3052 βίου
241 2968 324 3053 ίρόν,
348 2963 412 3031 εἰσί
435 2961 472 3030 δέ
493 2963 549 3029 καὶ
571 2963 731 3046 ἀπόγονοι
755 2963 978 3044 [Ταλθυβίου]
1011 2963 1142 3024 Ταλθυ-

140 3075 254 3158 βιάδαι
276 3074 482 3156 καλεόμενοι,
507 3081 594 3135 τοῖσι
617 3070 654 3132 αί
673 3070 849 3152 κηρυκηίαι
872 3067 909 3130 αί
928 3065 964 3131 έκ
986 3065 1142 3148 Σπάρτης

140 3189 242 3245 πᾶσαι
263 3177 362 3264 γέρας
385 3177 546 3243 δέδονται.
583 3175 662 3257 μετά
685 3169 845 3239 δὲταῦτα
867 3183 953 3236 τοῖσι
975 3175 1142 3258 Σπαρτιῆ-

140 3304 215 3371 τησι
243 3290 454 3370 καλλιερῆσαι
476 3279 674 3365 θυομένοισι
700 3278 763 3343 οὐκ
785 3277 933 3342 έδόνατο.
978 3286 1075 3342 τοῦτο
1106 3274 1137 3342 δ’

91 3397 93 3405 ’
141 3390 194 3456 έπλ
215 3393 339 3476 χρόνον
367 3390 491 3474 συχνὸν
518 3381 561 3471 ῆν
584 3402 653 3470 σφι.
699 3380 896 3469 ἀχθομένων
924 3380 960 3449 δὲ
983 3383 1038 3450 καὶ
1060 3400 1141 3468 συμ-

141 3505 229 3582 φορῆ
258 3494 454 3581 χρεωμένων
481 3493 770 3576 Λακεδαιμονίων,
802 3488 896 3573 ἁλίης
924 3513 959 3556 τε
986 3490 1142 3566 πολλάκις
