2632 3970
207 254 273 319 366
620 251 806 308 HERODOTI

208 397 326 480 ἐδόθη,
349 396 391 462 οὐ
413 395 541 481 λέγεται
563 399 646 484 πρὸς
667 397 835 482 οὐδαμῶν,
860 395 964 464 δοκέω
984 391 1015 462 δ’
1036 399 1139 481 ἐγωγε
1157 397 1215 464 καί

178 493 182 500 ’
206 503 355 568 τούτοισι
378 504 535 588 δοθῆναι·
563 506 739 588 Παυσανίῃ
763 499 801 569 δὲ
824 503 932 568 πάντα
955 502 1033 569 δέκα
1056 502 1214 589 ἐξαιρέθη

207 630 242 674 τε
263 607 319 674 καὶ
342 609 462 693 ἐδόθη,
485 621 655 694 γυναῖκες,
678 610 786 693 ἵπποι,
808 609 968 692 τάλαντα,
989 610 1141 693 κάμηλοι,
1167 609 1216 688 ὣς

153 734 188 786 82
209 711 245 781 δὲ
267 715 374 792 αὕτως
396 714 451 780 καὶ
472 718 513 781 τά
535 717 618 781 ἀλλα
640 718 796 802 χρήματα.
841 714 971 798 λέγεται
996 711 1034 779 δέ
1055 713 1111 780 καὶ
1133 715 1215 780 τάδε

206 819 381 904 γενέσθαι,
411 821 456 898 ὡς
481 820 605 908 Ξέρξης
632 823 767 906 φεύγων
794 821 830 887 ἐκ
857 831 915 906 της
936 818 1093 898 Ἑλλάδος
1114 825 1215 906 Μαρ-

208 927 310 1014 δονίφ
333 927 396 1010 την
417 927 621 1011 κατασκευὴν
641 930 815 992 καταλίποι
834 928 895 1010 τὴν
914 925 1052 993 ἑωυτοῦ·
1075 932 1215 992 Παυσα-

206 1035 285 1114 νίην
309 1027 356 1098 ὧν
374 1032 505 1117 ὁρῶντα
526 1033 587 1116 την
605 1034 806 1118 Μαρδονίου
823 1034 1029 1117 κατασκευὴν
1047 1039 1158 1120 χρυσῷ
1176 1056 1215 1099 τε

208 1136 263 1204 καὶ
286 1136 420 1226 ἀργύρῳ
448 1137 503 1204 καὶ
525 1139 795 1224 παραπετάσμασι
817 1141 996 1204 ποικίλοισι
1018 1156 1215 1204 κατεσκευα-

208 1241 333 1328 σμένην
365 1249 517 1310 κελεῦσαι
545 1245 624 1322 τούς
649 1268 684 1309 τε
716 1244 919 1330 ἀρτοκόπους
945 1242 1105 1321 καὶτοὺς
1132 1243 1216 1322 ὀψο-

207 1353 325 1427 ποιοὺς
347 1352 429 1416 κατά
450 1350 553 1416 ταύτὰ
576 1352 713 1433 [καθὼς]
737 1351 923 1438 Μαρδονίῳ
947 1351 1084 1416 δεῖπνον
1107 1370 1215 1434 παρα-

208 1457 385 1534 σκευάζειν.
432 1456 477 1533 ὡς
509 1454 546 1521 δέ
575 1459 786 1539 κελευόμενοι
817 1451 911 1521 οὗτοι
938 1456 1071 1521 ἐποίευν
1097 1463 1213 1536 ταῦτα,

209 1560 357 1628 ἐνθαῦτα
389 1563 449 1626 τὸν
481 1564 680 1644 Παυσανίην
713 1562 828 1627 ίδόντα
859 1565 974 1638 κλίνας
1004 1584 1040 1626 τε
1071 1557 1215 1647 χρυσέας

208 1665 263 1732 καὶ
286 1667 449 1752 ἀργυρέας
470 1661 509 1731 εὖ
532 1665 737 1750 ἐστρωμένας
758 1664 814 1732 καὶ
836 1666 994 1752 τραπέζας
1014 1689 1049 1731 τε
1071 1663 1215 1750 χρυσέας

207 1771 264 1838 καὶ
290 1770 453 1859 ἀργυρέας
478 1769 534 1836 καὶ
560 1773 772 1858 παρασκευὴν
794 1771 1041 1858 μεγαλοπρεπέα
1063 1779 1123 1836 τοῦ
1146 1771 1214 1836 δεί-

208 1901 311 1961 πνου,
339 1875 541 1962 ἐκπλαγέντα
567 1878 607 1942 τά
628 1881 828 1963 προκείμενα
851 1877 963 1960 ἀγαθά
983 1883 1136 1942 κελεύσαι
1158 1874 1215 1942 ἐπὶ

208 1982 327 2067 γέλωτι
356 1987 435 2062 τοὺς
466 1983 592 2050 ἑαυτοῦ
620 1983 797 2066 διηκόνους
822 1982 1070 2069 παρασκευάσαι
1096 1985 1214 2048 Λακω-
1304 1995 1305 2068 η

207 2091 304 2155 νικὸν
327 2092 471 2156 δεῖπνον.
508 2089 553 2166 ὡς
575 2084 613 2154 δέ
634 2097 693 2172 της
713 2091 835 2172 θοίνης
855 2091 1053 2172 ποιηθείσης
1073 2083 1115 2172 ἦν
1133 2092 1215 2153 πολ·
1303 2113 1304 2169 ι

209 2196 269 2260 λδν
290 2197 328 2260 τὸ
351 2195 467 2281 μέσον,
495 2196 555 2260 τὸν
578 2196 778 2277 Παυσανίην
798 2193 983 2278 γελάσαντα
1005 2191 1215 2278 μεταπέμψα-
1302 2251 1303 2273 ,

209 2304 291 2364 σθαι
312 2310 379 2364 τῶν
393 2297 561 2382 Ἑλλήνων
583 2301 663 2376 τοὺς
682 2301 896 2385 στρατηγούς,
919 2301 1156 2365 συνελθόντων
1175 2295 1215 2364 δέ
1301 2345 1302 2377 ,

95 2461 100 2472 .
208 2404 337 2469 τούτων
358 2406 462 2470 εἰπεῖν
484 2405 544 2469 τὸν
567 2409 777 2488 Παυσανίην,
801 2406 977 2470 δεικνύντα
999 2405 1033 2481 ἐς
1055 2403 1214 2490 ἑκατέρην
1300 2461 1301 2479 ,

208 2517 270 2576 τοῦ
292 2512 429 2576 δείπνου
447 2510 508 2593 τὴν
525 2512 749 2595 παρασκευήν·
763 2509 904 2597 Ἄνδρες
917 2508 1085 2594 Ἕλληνες,
1105 2512 1214 2576 τῶνδε
1299 2577 1300 2583 ,

209 2615 318 2682 εἵνεκα
350 2615 414 2700 ἐγὼ
439 2615 542 2702 ὑμέας
568 2618 774 2700 συνήγαγον,
806 2619 1008 2700 βουλόμενος
1039 2615 1120 2700 ὑμῖν
1151 2625 1214 2682 τοῦ
1298 2673 1299 2687 ,

208 2724 333 2807 Μήδου
354 2723 415 2807 τὴν
434 2722 630 2810 ἀφροσύνην
648 2720 749 2805 δέξαι,
773 2721 811 2798 ὃς
826 2723 960 2805 τοιήνδε
979 2725 1109 2788 δίαιταν
1127 2724 1214 2806 ἔχων
1297 2751 1298 2789 ι

208 2825 293 2914 ηλθε
320 2828 353 2905 ἐς
379 2827 480 2914 ἡμέας
506 2827 592 2893 οὕτω
621 2826 755 2912 ὀϊζυρὴν
780 2829 916 2912 ἔχοντας
937 2827 1214 2912 ἀπαιρησόμενος.
1296 2841 1297 2893 λ

208 2943 310 3000 ταῦτα
333 2929 394 3018 μέν
413 2934 610 3015 Παυσανίην
633 2930 762 3016 λέγεται
785 2934 889 2999 εἰπεῖν
911 2934 995 3019 πρὸς
1015 2935 1094 3010 τοὺς
1115 2949 1214 3018 στρα-
1294 2951 1296 3018 ι

155 3057 191 3109 88
209 3041 331 3125 πηγοὺς
364 3049 430 3104 τῶν
461 3035 642 3122 Ἑλλήνων·
677 3037 805 3126 ὑστέρμ
842 3036 956 3122 μέντοι
985 3041 1094 3126 χρόνῳ
1131 3041 1215 3124 μετὰ
1294 3021 1295 3099 λ

208 3155 313 3212 ταῦτα
334 3142 388 3210 καλ
410 3155 478 3210 τῶν
505 3143 700 3210 Πλαταιέων
727 3139 828 3228 εὗρον
855 3141 973 3229 συχνοὶ
999 3146 1106 3228 θήκας
1132 3168 1215 3230 γρυ-
1293 3133 1294 3203 λ

209 3259 273 3316 σοῦ
299 3249 354 3317 καὶ
381 3250 530 3336 ἀργύρου
555 3246 610 3314 καὶ
637 3259 705 3314 τῶν
732 3251 843 3315 ἄλλων
869 3249 1053 3336 χρημάτων.
1103 3250 1214 3334 έφάνη

210 3352 247 3422 δέ
275 3353 330 3420 καὶ
356 3357 431 3420 τόδε
455 3355 597 3440 ὕστερον
623 3356 670 3420 ἔτι
696 3355 834 3420 τούτων.
878 3365 945 3420 τῶν
971 3365 1099 3440 νεκρῶν
1120 3376 1215 3442 περι-

209 3456 427 3539 ψιλωθέντων
449 3461 507 3536 τάς
528 3459 652 3544 σάρκας
673 3457 895 3546 (συνεφόρεον
917 3461 981 3546 γὰρ
1001 3461 1043 3525 τά
1063 3459 1160 3527 ὀστέα
1179 3462 1218 3527 οί
