2678 3970
394 215 462 273 ΜΒ.
481 215 540 272 v11.
578 215 656 273 υΑΡ.
677 221 847 286 lost-14.
1066 221 1128 285 147

7 429 8 450 E
126 357 364 446 κατεστρέψατο
392 360 479 425 ούτω
507 360 551 437 ώς
577 357 632 425 καὶ
660 361 693 438 ές
719 363 795 427 τόδε
818 363 915 429 αὐτοί
934 387 969 432 τε
992 364 1129 452 ώνθρω-

124 483 182 529 ποι
207 462 263 530 καλ
289 465 311 550 ἡ
337 473 379 550 γῆ
403 465 513 530 αὐτῶν
540 465 722 559 ἐπώνυμοιΙ
736 476 796 532 τοῦ
819 469 1129 556 καταστρεψαμένου

123 569 306 635 καλέονται.
678 658 680 664 Α
890 653 892 660 Ι

216 679 325 742 Ταῦτα
347 671 409 761 μὲν
432 674 485 742 έπὶ
504 685 644 744 τοσοῦτο
662 675 801 763 ἐλέγετο,
825 681 905 764 μετὰ
925 677 961 746 δέ
979 681 1127 769 εὐφρόνη
1149 701 1180 750 12

123 803 159 846 τε
188 780 314 866 έγίυετο
343 779 399 848 καί
430 781 556 868 Ξέρξην
589 785 691 862 ἔκνιζε
721 781 970 870 ηἈρταβάνου
999 789 1128 871 γνώμη·
1192 789 1195 793 ’

123 885 219 953 νυκτὶ
241 885 278 953 δὲ
300 887 427 971 βουλην
450 888 565 966 διδοὺς
587 889 695 974 πάγχυ
723 889 856 973 εὕρισκέ
876 891 912 956 οί
932 890 973 956 οὐ
995 901 1128 978 πρῆγμα

124 988 210 1059 εἶναι
237 995 475 1079 στρατεύεσθαι
503 993 555 1061 ἐπὶ
581 996 643 1080 την
660 992 810 1062 Ἐλλάδα.
857 996 1067 1083 δεδογμένων
1091 996 1130 1064 δέ

124 1099 160 1164 οί
179 1093 272 1176 αὐτις
297 1101 425 1165 τούτων
452 1101 658 1184 κατύπνωσε,
684 1100 740 1168 καὶ
764 1103 805 1186 δη
827 1126 889 1168 κου
912 1103 949 1168 έν
970 1113 1010 1190 τῇ
1033 1102 1127 1170 νυκτὶ

124 1199 190 1270 εἶδε
216 1205 297 1282 όψιν
322 1206 470 1291 τοιήνδε,
501 1206 545 1283 ώς
571 1206 699 1290 λέγεται
721 1207 785 1273 ὑπὸ
810 1207 983 1295 Περσέων·
1018 1211 1128 1276 ἐδόκεε

124 1309 142 1375 ό
170 1309 294 1397 Ξέρξης
326 1311 434 1396 ἀνδρα
461 1312 497 1377 οί
520 1311 697 1380 ἐπιστάντα
724 1313 828 1398 μέγαν
855 1337 890 1380 τε
917 1312 972 1380 καὶ
999 1314 1127 1382 εὐειδέα

124 1419 240 1482 εἰπεῖν·
273 1419 368 1482 Μετὰ
391 1418 432 1502 δη
456 1419 645 1502 βουλεύεαι,
673 1415 699 1486 ὦ
723 1418 853 1506 Πέρσα,
877 1421 1060 1506 στράτευμα
1082 1423 1127 1507 μη

7 1613 8 1620 ,
123 1524 217 1606 ἀγειν
240 1521 293 1589 έπά
310 1524 371 1608 την
389 1519 539 1606 Ἑλλάδα,
563 1527 721 1611 προείπας
739 1524 861 1604 ἁλίζειν
880 1526 1012 1612 Πέρσας
1030 1542 1127 1614 στρα-

122 1631 196 1709 τόν;
235 1628 311 1695 ούτε
344 1624 391 1696 ών
422 1633 744 1716 μεταβουλευόμενος
770 1629 892 1708 ποιέεις
919 1627 971 1715 εὐ,
1004 1633 1080 1700 ούτε
1108 1633 1126 1699 ὁ

124 1736 399 1819 συγγνωσόμενός
411 1757 464 1801 τοι
481 1736 582 1820 πάρα·
601 1730 672 1801 ἀλλ’
693 1737 802 1822 ὥσπερ
820 1745 877 1820 τῆς
893 1737 1016 1823 ἡμέρης
1032 1737 1127 1823 ἐβου·

123 1843 245 1908 λεύσαο
264 1839 400 1924 ποιέειν,
422 1841 545 1924 ταύτην
569 1846 621 1906 ίθι
642 1851 710 1906 τῶν
733 1841 831 1909 ὀδών.
868 1843 927 1908 τὸν
946 1840 1006 1927 μέν
1024 1853 1127 1912 ταῦτα

7 1963 9 1976 ’
124 1949 258 2014 είπόντα
281 1946 391 2012 έδόκεε
414 1945 431 2012 ὁ
455 1944 577 2032 Ξέρξης
601 1945 828 2030 ἀποπτάσθαι,
853 1945 976 2033 ἡμέρης
999 1946 1037 2016 δέ
1060 1950 1127 2016 έπι-
1147 1968 1178 2016 13

123 2053 298 2138 λαμψάσης
320 2051 453 2138 ὀνείρου
476 2049 537 2136 μέν
559 2052 680 2118 τούτου
703 2055 806 2136 λόγον
825 2052 948 2119 οὐδένα
971 2053 1126 2138 ἐποιέετο,

124 2159 142 2226 ὁ
165 2156 381 2245 δεΠερσέων
404 2161 584 2234 συναλίσας
605 2161 683 2235 τούς
705 2157 761 2224 καί
783 2160 945 2244 πρότερον
964 2147 1125 2244 συνέλεξε,

124 2264 218 2350 έλεγέ
238 2281 300 2349 σφι
316 2265 408 2329 τάδε·
421 2262 561 2349 ’Ἁνδρες
578 2263 716 2350 Πέρσαι,
736 2266 936 2350 συγγνώμην
954 2289 1011 2350 μοι
1037 2267 1123 2350 ἔχετε

124 2373 176 2438 ὅτι
189 2370 395 2457 ἀγχίστροφα
408 2371 622 2454 βουλεύομαι·
636 2381 771 2456 φρενῶν
782 2393 817 2436 τε
830 2372 893 2458 γὰρ
908 2371 941 2449 ές
953 2373 993 2438 τά
1008 2371 1127 2457 ἐμεωυ-

123 2485 186 2544 τοῦ
206 2487 319 2566 πρώτα
342 2477 429 2542 οὐκω
453 2475 574 2560 ἀνήκω,
597 2473 652 2540 καὶ
670 2476 706 2541 οί
719 2479 1001 2564 παρηγορεόμενοι
1019 2477 1127 2544 έκεῖνο

124 2582 250 2650 ποιέειν
273 2581 396 2650 οὐδένα
413 2585 537 2668 χρόνον
555 2605 617 2666 μευ
635 2581 819 2667 ἀπέχονται.
856 2583 1034 2650 ἀκούσαντι
1051 2581 1127 2668 μέν-

125 2712 176 2755 τοι
194 2711 250 2773 μοι
263 2697 320 2772 της
331 2684 533 2772 Ἀρταβάνου
546 2688 680 2772 γνώμης
693 2691 876 2772 παραυτίκα
894 2685 955 2773 μέν
973 2687 993 2771 ἡ
1012 2689 1127 2769 νεότης

125 2792 263 2878 ἐπέζεσε,
281 2795 364 2860 ὥστε
382 2791 567 2880 ἀεικέστερα
586 2792 767 2880 ἀπορρῖψαι
786 2796 864 2860 έπεα
882 2793 916 2870 ές
931 2793 1037 2877 ἀνδρα
1050 2811 1127 2877 πρε-

7 2981 9 3002 Ι
125 2902 288 2986 σβύτερον
309 2898 331 2986 ἢ
354 2901 466 2986 χρεόν·
494 2907 558 2966 νῦν
580 2897 694 2984 μέντοι
716 2900 882 2982 συγγνούς
903 2900 1065 2984 χρήσομαι
1087 2906 1126 2982 τῇ

125 3007 255 3073 ἐκείνου
277 3006 402 3091 γνώμη.
446 3005 490 3082 ώς
513 3001 561 3070 ὧν
579 3000 863 3090 μεταδεδογμένον
886 3025 942 3088 μοι
965 3003 1008 3087 μη
1030 3018 1127 3088 στρα-

123 3113 282 3178 τεύεσθαι
309 3109 361 3177 ἐπὶ
383 3111 444 3196 την
462 3107 617 3193 Ἑλλάδα,
645 3111 763 3194 ἥσυχοι
786 3111 867 3175 έστε.
912 3105 1040 3193 Πέρσαι
1066 3105 1126 3192 μέν

125 3219 169 3296 ὡς
191 3221 340 3302 ἥκουσαν
361 3226 479 3300 ταῦτα,
508 3218 720 3302 κεχαρηκότες
741 3214 977 3300 προσεκύνεον·
1008 3215 1126 3292 νυκτὸς
1147 3231 1180 3280 14

126 3321 163 3389 δέ
185 3321 366 3408 γενομένης
388 3317 481 3398 αὖτις
499 3321 605 3388 τώυτὸ
623 3321 755 3408 ὐνειρον
773 3328 818 3410 τῷ
836 3318 940 3408 Ξέρξη
959 3342 1126 3387 κατυπνω-

125 3429 214 3517 μένφ
238 3431 328 3512 έλεγε
351 3429 499 3494 ἐπιστάν·
526 3418 565 3492 Ὠ
586 3436 646 3492 παι
667 3430 828 3514 Δαρείου,
851 3425 906 3494 καὶ
929 3428 970 3512 δη
993 3430 1126 3513 φαίνεαι

862 3531 914 3583 10*
