2632 3970
396 277 462 334 ΠΒ.
477 276 524 334 lx.
561 278 814 336 cAP.111-116.
1019 284 1085 349 383

77 421 284 508 ὁρμηθέντες
310 420 468 505 Ἕλληνες
499 417 552 488 ἐπ’
582 418 828 506 Ἑλλησπόντου
859 437 992 511 πρῶτον
1024 425 1085 513 μὲν

76 526 153 614 περὶ
175 529 303 594 Λεκτὸν
326 529 459 613 ὅρμεον,
481 526 547 593 ὑπὸ
570 526 702 612 ἀνέμων
725 527 1010 615 ἀπολαμφθέντες,
1033 533 1085 599 ἐν·

75 639 199 698 δεῦτεν
222 631 260 699 δέ
277 633 434 699 ἀπίκοντο
454 632 488 710 ές
500 631 650 716 Ἀβυδον
668 631 724 698 καὶ
741 635 799 711 τάς
816 636 966 720 γεφύρας
984 633 1085 723 εὗρον

77 737 329 822 διαλελυμένας,
355 739 413 815 τάς
441 736 576 803 ἐδόκεον
604 738 758 824 εὑρήσειν
786 741 834 804 ἐτι
862 739 1084 827 ἐντεταμένας,

76 841 132 908 καί
158 845 287 910 τούτων
315 843 376 932 ούκ
403 845 520 927 ήκιστα
547 844 672 910 εἵνεκεν
699 843 733 920 ές
757 846 817 910 τὸν
840 841 1085 928 Ἑλλήσποντον

5 935 16 958 ’
76 947 244 1014 ἀπίκοντο.
289 959 376 1015 τοῖσι
399 947 460 1033 μέν
482 973 547 1014 νυν
573 947 658 1034 ἀμφὶ
681 951 892 1035 Λευτυχίδην
915 956 1085 1016 Πελοπον-

75 1057 223 1138 νησίοισι
246 1053 338 1133 ἔδοξε
361 1054 538 1120 ἀποπλέειν
561 1055 595 1132 ἐς
616 1057 679 1138 τήν
699 1052 856 1140 Ἑλλάδα,
876 1053 1084 1140 Ἀθηναίοισι

76 1156 114 1224 δὲ
141 1157 197 1225 καὶ
223 1159 408 1247 Ξανθίππῳ
435 1167 481 1247 τῷ
510 1167 681 1247 στρατηγῷ
709 1161 814 1227 αὐτοῦ
842 1161 1085 1246 ὑπομείναντας

76 1270 257 1350 πειρᾶσθαι
276 1274 333 1348 τῆς
347 1267 572 1350 Χερσονήσου.
609 1263 721 1349 οἱμὲν
740 1267 781 1349 δή
801 1265 975 1350 ἀπέπλεον,
986 1264 1084 1352 Ἀθη-

75 1381 166 1436 ναῖοι
193 1367 231 1436 δὲ
258 1370 295 1436 ἐκ
319 1377 377 1454 τής
400 1367 544 1454 Ἀβύδου
572 1371 786 1453 διαβαλόντες
816 1371 849 1448 ἐς
876 1373 937 1455 τήν
960 1376 1084 1457 Χερσό-

75 1492 182 1560 νησον
196 1476 330 1559 Σηστὸν
349 1475 571 1561 ἐπολιόρκεον.
603 1476 637 1552 ἐς
655 1472 692 1541 δέ
710 1478 771 1560 τήν
785 1478 920 1560 Σηστὸν
938 1479 1073 1562 ταύτην,
1085 1499 1136 1549 115

75 1583 121 1659 ὥς
134 1581 248 1658 ἐόντος
261 1583 478 1667 ἰσχυροτάτου
491 1584 615 1666 τείχεος
628 1592 695 1646 τῶν
709 1583 823 1669 ταύτη,
840 1569 1025 1668 συνῆλθον,
1040 1585 1085 1662 ὡς

76 1689 224 1772 ήκονσαν
246 1697 400 1772 παρεῖναι
421 1690 500 1765 τοὺς
514 1685 677 1771 Ἕλληνας
699 1687 733 1765 ές
755 1690 815 1754 τὸν
828 1685 1083 1772 Ἑλλήσποντον,

76 1797 113 1860 ἔκ
134 1816 170 1859 τε
191 1802 259 1858 τῶν
277 1793 387 1858 ἀλλων
405 1803 473 1856 τῶν
488 1794 714 1878 περιοικίδων,
733 1790 787 1857 καὶ
807 1793 848 1876 δή
866 1791 922 1858 καί
940 1793 977 1859 ἐκ
994 1798 1083 1880 Καρ-

1 1948 6 1970 .
47 1953 57 1968 .
76 1902 150 1983 δίης
167 1900 282 1976 πόλιος
297 1899 457 1981 Οἰόβαζος
472 1897 557 1983 ἀνήρ
572 1896 715 1983 Πέρσης,
734 1897 771 1974 ὃς
787 1899 828 1962 τά
846 1898 883 1964 ἐκ
901 1909 968 1965 τῶν
982 1924 1083 1983 γεφυ-

76 2003 162 2089 ρέων
190 2005 274 2070 ὅπλα
299 2003 448 2070 ἐνθαῦτα
474 1998 517 2087 ήν
544 2004 731 2088 κεκομικώς.
777 1997 868 2087 εἰχον
896 2001 932 2069 δέ
959 2005 1083 2089 ταύτην

76 2109 245 2196 ἐπιχώριοι
271 2109 425 2192 Αἰολέες,
458 2119 609 2193 συνῆσαν
641 2106 679 2175 δέ
707 2107 836 2194 Πέρσαι
862 2132 898 2174 τε
931 2108 986 2174 καὶ
1016 2121 1083 2176 τῶν

75 2215 186 2280 ἀλλων
209 2215 390 2300 συμμάχων
416 2217 537 2300 συχνὸς
555 2216 677 2299 ὅμιλος.
718 2214 917 2299 ἐτυράννευε
940 2212 978 2281 δὲ
999 2217 1074 2282 τού·
1086 2237 1134 2287 110

74 2343 135 2386 του
158 2329 218 2387 τοῦ
239 2330 348 2405 νομοῦ
371 2319 498 2403 Ξέρξεω
521 2320 668 2405 ύπαρχος
687 2317 895 2404 Ἀρταΰκτης,
919 2321 1004 2406 ἀνήρ
1021 2319 1083 2405 μὲν

78 2424 220 2510 Πέρσης,
240 2427 350 2503 δεινὸς
368 2423 406 2490 δὲ
423 2423 479 2491 καὶ
492 2425 690 2508 ἀτάσθαλος,
710 2425 747 2502 ὃς
764 2423 819 2492 καί
837 2426 973 2510 βασιλέα
990 2425 1083 2493 έλαύ-

75 2552 179 2597 νοντα
211 2529 262 2596 ἐπ’
295 2527 442 2614 ’Ἀθήνας
478 2530 674 2615 ἐξηπάτησε,
707 2533 748 2596 τὰ
776 2535 992 2618 Πρωτεσίλεω
1022 2541 1084 2598 τοῦ

73 2632 220 2721 Ἰφίκλου
247 2639 396 2722 χρήματα
419 2635 452 2716 ἐξ
472 2635 682 2714 Ἐλαιοῦντος
704 2638 914 2722 ὑπελόμενος.
960 2637 997 2704 έν
1019 2640 1083 2723 γάρ

72 2741 260 2808 Ἐλαιοῦντι
281 2751 339 2827 τής
357 2745 573 2829 Χερσονήσου
596 2740 665 2808 ἐστὶ
684 2747 901 2828 Πρωτεσίλεω
924 2744 1029 2826 τάφος
1048 2764 1083 2808 τε

75 2847 131 2915 καλ
157 2847 292 2936 τέμενος
314 2847 390 2934 περὶ
412 2849 529 2932 αὐτόν,
558 2852 642 2914 ἔνθα
665 2844 708 2931 ήν
730 2851 878 2934 χρήματα
900 2849 1006 2913 πολλὰ
1028 2845 1083 2912 καὶ

4 2937 17 2966 ”
76 2955 193 3040 φιάλαι
224 2955 362 3041 χρύσεαι
392 2952 447 3019 καί
477 2953 635 3039 ἀργύρεαι
661 2951 717 3017 καί
744 2954 863 3037 χαλκὸς
893 2951 949 3018 καὶ
981 2951 1083 3036 έσδής

75 3059 130 3126 καί
152 3062 235 3127 ἀλλα
258 3060 465 3144 ἀναθήματα,
488 3059 528 3122 τά
547 3055 745 3143 Ἀρταΰκτης
768 3057 907 3140 ἐσύλησε
930 3054 1084 3140 βασιλέος

77 3169 203 3246 δόντος.
241 3164 348 3248 λέγων
371 3159 409 3230 δέ
430 3163 542 3230 τοιάδε
559 3161 686 3249 Ξέρξην
710 3163 894 3247 διεβάλετο·
916 3160 1082 3245 Δέσποτα,

77 3275 146 3339 ἐστι
173 3267 263 3350 οἰκος
286 3271 409 3358 ἀνδρὸς
427 3267 588 3353 Ἕλληνος
611 3267 774 3352 ἐνθαῦτα,
802 3268 839 3345 ὃς
861 3265 914 3334 ἐπὶ
936 3276 1001 3353 χήν
1022 3268 1083 3351 τήν

76 3378 140 3461 σήν
168 3379 450 3464 στρατευσάμενος
476 3377 571 3460 δίκης
591 3375 738 3461 κυρήσας
760 3372 916 3440 ἀπέθανε.
962 3374 1083 3440 τούτου

76 3506 133 3570 μοι
157 3483 215 3561 δὸς
236 3485 296 3549 τὸν
320 3478 425 3568 οἰκον,
447 3481 503 3548 ίνα
526 3484 585 3548 καί
603 3503 653 3559 τις
676 3481 767 3568 μάθη
787 3479 839 3548 έπί
857 3489 921 3567 χήν
939 3481 1000 3567 τήν
1020 3481 1083 3565 σήν
