2678 3968
190 231 257 316 274
567 331 570 338 Ι
596 251 783 308 Ηιεουονι

187 393 374 478 Ἀθηναίων
401 396 437 461 οί
459 398 727 482 πολιορκεόμενοι
749 396 837 480 ὅμως
860 395 1043 480 ήμύνοντο,
1069 396 1188 479 καίπερ

192 499 225 576 ἐς
241 501 279 564 τδ
296 502 432 584 ἔσχατον
451 509 554 568 κακοῦ
572 499 745 585 ἀπιγμένοι
762 498 817 565 καὶ
832 509 893 566 τοῦ
906 500 1096 584 φράγματος
1107 521 1189 586 προ-

192 605 381 683 δεδωκότος.
426 603 505 672 οὐδὲ
532 608 652 690 λόγους
678 617 745 670 τῶν
768 603 1066 690 Πεισιστρατιδέων
1087 623 1189 690 προσ-

192 711 364 794 φερόντων
389 710 465 796 περλ
491 711 666 796 ὁμολογίης
693 709 897 793 ἐνεδέκοντο,
924 709 1123 795 ἀμυνόμενοι
1150 707 1188 776 δὲ

192 815 275 879 ἀλλα
295 838 330 880 τε
357 815 628 900 ἀντεμηχανῶντο
656 814 711 880 καί
738 816 779 899 δή
807 814 861 881 καί
887 818 1094 902 προσιόντων
1120 827 1188 881 τῶν

192 920 369 1005 βαρβάρων
390 923 473 1006 πρὸς
494 922 551 998 τὰς
573 921 678 998 πύλας
700 921 911 1006 ὀλοιτρόχους
933 920 1082 1004 ἀπίεσαν,
1105 921 1188 986 ὥστε
1315 917 1323 924 ’

193 1024 318 1109 Ξέρξην
353 1024 405 1091 ἐπί
439 1029 563 1112 χρόνον
599 1027 723 1111 συχνὸν
759 1025 915 1112 ἀπορίῃσι
946 1025 1117 1110 ἐνέχεσθαι
1146 1026 1189 1091 οὐ

141 1147 175 1196 53
195 1129 380 1214 δυνάμενόν
412 1147 516 1216 σφεας
548 1130 642 1197 ἑλεῖν.
687 1133 796 1219 χρόνῳ
829 1127 859 1195 δ’
894 1131 931 1196 ἐκ
960 1141 1026 1196 τῶν
1054 1131 1189 1218 ἀπόρων

194 1234 299 1318 ἐφάνη
323 1237 364 1318 δή
385 1259 436 1313 τις
458 1235 572 1315 ἔξοδος
593 1247 680 1302 τοῖσι
702 1236 912 1322 βαρβάροισι·
935 1238 1004 1302 ἐδεε
1026 1239 1089 1322 γάρ
1107 1238 1189 1302 κατά

192 1340 230 1404 τὸ
256 1343 460 1427 θεοπρόπιον
483 1351 592 1408 πᾶσαν
613 1343 675 1426 τήν
694 1339 842 1425 Ἀττικήν
862 1343 924 1426 τήν
946 1341 986 1407 ἐν
1003 1350 1043 1427 τή
1064 1342 1188 1430 ήπείρφ

192 1443 349 1528 γενέσθαι
375 1446 440 1512 ὑπὸ
463 1446 621 1534 Πέρσησι.
665 1450 833 1534 ἔμπροσθε
860 1443 908 1512 ὧν
929 1448 993 1532 πρὸ
1014 1456 1071 1522 τής
1092 1447 1188 1534 ἀκρο-

192 1553 317 1633 πόλιος,
341 1553 460 1618 ὄπισθε
483 1551 520 1618 δὲ
541 1563 609 1619 τῶν
630 1551 762 1619 πυλέων
783 1550 838 1618 καί
855 1561 913 1636 τής
932 1552 1066 1634 ἀνόδου,
1088 1561 1127 1638 τή
1146 1555 1189 1636 δὴ
1322 1581 1323 1634 γ

194 1656 270 1720 οὔτε
296 1679 345 1734 τις
371 1657 536 1741 ἐφύλασσε
564 1657 634 1725 οὔτ’
665 1658 707 1724 ἀν
732 1661 849 1742 ήλπισε
871 1660 916 1743 μή
938 1657 1015 1723 κοτέ
1033 1680 1082 1734 τις
1107 1660 1191 1722 κατά
1322 1703 1323 1726 ι

105 1795 114 1822 ι
193 1770 295 1826 ταῦτα
317 1761 458 1846 ἀναβαίη
482 1764 680 1849 ἀνθρώπων,
702 1765 804 1850 ταύτη
823 1762 988 1847 ἀνέβησάν
1004 1785 1091 1840 τινες
1108 1765 1191 1828 κατά

193 1869 231 1934 τδ
259 1868 333 1951 ίρδν
354 1877 412 1951 τῆς
433 1869 602 1956 Κέκροπος
624 1870 791 1954 θυγατρὸς
810 1865 1007 1954 Ἀγλαύρου,
1034 1870 1091 1932 καί
1111 1871 1190 1949 [τοι]
1316 1921 1323 1942 ,

193 1994 255 2056 περ
273 1973 485 2060 ἀποκρήμνου
500 1973 611 2050 ἐόντος
623 1982 684 2039 τοῦ
697 1975 815 2059 χώρου.
853 1973 897 2049 ὡς
911 1969 947 2038 δέ
961 1967 1052 2038 είδον
1070 1973 1192 2050 αὐτοὺς
1321 1961 1322 1980 ’

194 2078 437 2162 ἀναβεβηκότας
455 2079 490 2144 οί
504 2077 676 2162 Ἀθηναῖοι
696 2076 761 2160 [ἐπὶ
778 2079 839 2162 τήν
858 2077 1061 2164 ἀκρόπολιν],
1080 2079 1115 2143 οί
1129 2075 1189 2163 μέν

195 2182 365 2268 ἐρρίπτεον
388 2183 531 2261 ἑωυτοὺς
552 2185 634 2249 κατὰ
650 2192 711 2250 τοῦ
727 2186 849 2268 τείχεος
865 2183 952 2248 κάτω
969 2181 1025 2248 καὶ
1043 2184 1191 2268 διεφθεί·

196 2310 305 2369 ροντο,
329 2289 364 2352 οί
384 2285 420 2353 δὲ
443 2289 476 2365 ές
496 2291 534 2355 τὸ
552 2288 697 2374 μέγαρον
714 2287 928 2372 κατέφευγον.
963 2298 1030 2353 τῶν
1050 2285 1191 2374 δδΠερ·

196 2390 282 2457 σέων
305 2393 340 2457 oc
355 2392 592 2476 ἀναβεβηκότες
609 2404 741 2478 πρῶτον
760 2390 820 2477 μὲν
839 2392 1018 2478 ἐτράποντο
1035 2395 1118 2480 πρὸς
1133 2396 1192 2470 τὰς

194 2497 314 2578 πύλας,
345 2498 465 2573 ταύτας
496 2495 534 2562 δὲ
563 2496 751 2575 ἀνοίξαντες
777 2500 855 2575 τοὺς
883 2496 988 2575 ίκέτας
1015 2497 1193 2582 ἐφόνευον·
1320 2525 1321 2534 ’

195 2600 264 2670 ἐπεὶ
287 2600 327 2667 δέ
347 2617 408 2685 σφι
429 2600 548 2678 πάντες
569 2599 808 2688 κατέστρωντο,
833 2606 871 2669 τὸ
895 2604 969 2690 ίρδν
991 2605 1194 2687 συλήσαντες

140 2723 178 2774 54
196 2707 387 2794 ἐνέπρησανΙ
401 2715 509 2772 πᾶσαν
530 2707 592 2790 τήν
615 2706 801 2791 ἀκρόπολιν.
839 2709 928 2793 σχὼν
951 2705 988 2774 δέ
1009 2707 1194 2785 παντελέως

195 2815 252 2891 τάς
270 2811 413 2897 Ἀθήνας
431 2809 552 2897 Ξέρξης
570 2811 735 2898 ἀπέπεμψε
753 2813 786 2890 ἐς
803 2818 919 2878 Σοῦσα
937 2815 1077 2898 ἀγγελον
1095 2812 1193 2878 ἱππέα

193 2915 380 3006 Ἀρταβάνῳ
408 2916 603 3001 ἀγγελέοντα
628 2919 689 3002 τήν
711 2917 899 3001 παρεοῦσάν
922 2934 982 3003 σφι
1005 2917 1194 3004 εὐπρηξίην.
1315 2927 1320 2936 ”

196 3025 259 3090 ἀπὸ
288 3020 324 3090 δὲ
346 3032 403 3107 τής
424 3021 563 3108 πέμψιος
584 3032 644 3088 τοῦ
665 3025 807 3109 κήρυκος
829 3022 965 3110 δευτέρη
987 3022 1091 3109 ήμέρη
1114 3040 1192 3107 συγ·

196 3129 334 3206 καλέσας
357 3126 545 3211 Ἀθηναίων
571 3131 649 3206 τοὺς
679 3129 844 3214 φυγάδας,
877 3127 987 3216 ἑωυτῷ
1016 3125 1053 3194 δέ
1080 3126 1193 3214 ἑπομέ-

196 3257 291 3315 νους,
319 3233 446 3298 ἐκέλευε
472 3236 580 3321 τρόπῳ
607 3241 652 3321 τῷ
681 3231 827 3321 σφετέρφ
850 3240 954 3298 θῦσαι
976 3234 1016 3298 τά
1038 3233 1093 3319 ίρά
1114 3233 1193 3298 ἀνα-

197 3337 319 3421 βάντας
341 3337 374 3413 ἐς
394 3339 456 3421 τήν
478 3336 667 3422 ἀκρόπολιν,
691 3344 754 3404 είτε
777 3339 818 3422 δή
842 3333 889 3404 ὧν
911 3340 991 3417 ὄψιν
1012 3339 1087 3404 τινά
1110 3339 1196 3404 ἰδὼν

197 3441 356 3508 ἐνυπνίου
370 3440 551 3509 ἐνετέλλετο
565 3451 676 3527 ταῦτα,
696 3449 759 3508 είτε
772 3442 828 3509 καί
842 3444 1003 3529 ἐνθύμιόν
1017 3444 1052 3509 οί
1063 3441 1194 3528 ἐγένετο
