2678 3970
423 260 563 318 Llss.v11.
601 262 677 318 οΑΡ.
698 269 854 321 εει-ιιο.
1075 266 1138 332 201

136 406 282 488 ἔπαθον,
305 404 325 489 ἢ
348 407 413 491 πρὸ
435 415 496 472 τοῦ
517 407 659 493 δρῶντες
681 407 723 473 διν
745 405 800 474 καὶ
821 411 900 485 τοὺς
922 410 1043 488 άλλους
1066 409 1141 478 Ἓλ-

136 516 240 593 ληνας
258 513 453 596 μηδίζοντας
471 512 629 599 ὁμολογίῃ
648 513 690 579 διν
709 514 890 600 ἐχρήσαντο
908 517 990 599 πρὸς
1005 515 1140 602 Ξέρξην.

136 615 193 682 καὶ
217 619 303 684 οὕτω
326 617 369 684 άν
392 617 442 685 ἐπ’
468 619 638 705 ἀμφότερα
659 617 810 703 ηἙλλδις
829 620 953 704 ἐγίνετο
972 622 1036 686 ὑπὸ
1055 623 1141 710 Πέρ-

137 739 225 808 σησι.
261 726 322 808 τὴν
344 727 407 810 γάρ
431 725 578 810 ὠφελίην
599 727 661 809 την
683 736 750 792 τῶν
772 725 906 810 τειχέων
923 737 990 792 τῶν
1010 729 1065 792 διὰ
1082 738 1142 795 τοῦ

134 832 274 914 Ἰσθμοῦ
297 830 506 916 ἐληλαμένων
529 832 570 897 οὐ
594 833 738 916 δύναμαι
760 831 932 898 πυθέσθαι
952 833 1022 916 ἥτις
1040 833 1082 898 δν
1100 830 1142 918 ἦν

138 936 291 1020 βασιλέος
319 937 567 1024 ἐπικρατέοντος
593 947 650 1022 τῆς
676 938 856 1022 θαλάσσης.
901 946 965 1003 νῦν
989 935 1026 1004 δὲ
1044 936 1142 1023 Ἀθη-

138 1045 255 1120 ναίους
281 1044 323 1108 άν
345 1067 395 1120 τις
421 1043 528 1128 λέγων
555 1053 704 1130 σωτῆρας
726 1042 884 1127 γενέσθαι
910 1053 968 1128 τῆς
986 1041 1143 1122 Ἑλλάδος

138 1148 200 1214 οὐκ
227 1147 269 1214 άν
291 1149 474 1235 ἁμαρτάνοι
499 1152 537 1215 τὸ
561 1149 696 1234 ἀληθές·
725 1145 818 1215 οὗτοι
845 1151 908 1233 γάρ
931 1148 984 1216 ἐπὶ
1007 1150 1142 1237 ὁκότερα

137 1264 205 1320 τῶν
227 1256 430 1341 πρηγμάτων
451 1256 642 1341 ἐτράποντο,
664 1265 767 1322 ταῦτα
790 1256 904 1342 ῥέψειν
923 1258 1049 1340 ἐμελλε·
1073 1255 1143 1322 ἑλό-

138 1385 233 1446 μενοι
261 1360 298 1428 δὲ
324 1363 385 1446 την
404 1358 543 1428 Ἑλλάδα
569 1374 731 1449 περιεῖναι
759 1361 955 1447 ἐλευθέρην,
984 1371 1082 1427 τοῦτο
1104 1365 1142 1428 τὸ

134 1469 328 1552 Ἑλληνικὸν
341 1477 408 1535 πᾶν
425 1471 463 1534 τὸ
477 1472 605 1551 λοιπόν,
624 1470 705 1534 ὅσον
719 1470 763 1553 μὴ
778 1469 922 1553 ἐμήδισε,
942 1466 1037 1533 αὐτοὶ
1051 1463 1143 1534 οὗτοι

137 1568 225 1656 ἦσαν
248 1575 283 1640 ολ
303 1575 527 1661 ἐπεγείραντες
549 1573 604 1640 καλ
626 1573 763 1658 βασιλέα
785 1575 865 1659 μετά
882 1597 920 1658 γε
938 1577 1041 1651 θεοὺς
1059 1573 1143 1641 όνω-
1262 1659 1264 1666 ρ

139 1680 286 1764 σάμενοι.
336 1679 418 1746 οὐδέ
444 1698 548 1766 σφεας
574 1682 755 1767 χρηστήρια
783 1681 912 1764 φοβερά
939 1680 1082 1746 ἐλθόντα
1108 1680 1144 1746 ἐκ

139 1791 286 1870 Δελφῶν
307 1785 363 1852 καὶ
381 1786 415 1865 ἐς
433 1789 529 1871 δεῖμα
547 1789 691 1870 βαλόντα
710 1789 817 1851 ἐπεισε
835 1786 980 1852 ἐκλιπεῖν
998 1787 1059 1868 την
1074 1783 1143 1850 Ἑλ-

139 1893 239 1975 λάδα,
267 1893 349 1958 άλλδι
375 1896 628 1978 καταμείναντες
650 1892 830 1976 ἀνέσχοντο
852 1893 912 1956 τὸν
935 1891 1069 1957 ἐπιόντα
1091 1890 1143 1957 ἐπὶ

138 1999 201 2082 την
223 2000 335 2084 χώρην
359 1998 526 2076 δέξασθαι.

229 2104 425 2190 Πίμψαντες
442 2106 505 2190 γὰρ
524 2105 560 2170 ολ
576 2103 749 2188 Ἀθηναῖοι
767 2103 801 2180 ἐς
819 2105 976 2187 Δελφοὺς
992 2105 1134 2190 θεοπρό-
1146 2122 1195 2174 140

139 2233 225 2287 πους
251 2211 547 2297 χρηστηριάζεσθαι
576 2206 664 2294 ἦσαν
696 2209 835 2294 ἕτοιμοι·
871 2212 930 2274 καί
958 2225 1020 2293 σφι
1050 2211 1144 2293 ποιη-

140 2332 218 2382 σασι
244 2315 319 2403 περὶ
345 2319 383 2383 τὸ
407 2318 481 2402 ἱρὸν
507 2318 547 2382 τά
574 2319 786 2402 νομιζόμενα,
816 2316 861 2392 ὡς
883 2315 916 2393 ἐς
938 2317 975 2380 τὸ
999 2315 1143 2402 μέγαρον

141 2423 334 2500 ἐσελθόντες
357 2424 476 2506 ἵζοντο,
499 2429 562 2510 χρᾷ
584 2421 606 2507 ἡ
629 2425 761 2505 Πυθίη,
784 2431 823 2507 τῇ
847 2423 974 2506 οὕνομα
995 2417 1039 2505 ἦν
1059 2419 1144 2508 Ἀρι-

140 2533 293 2614 στονίκη,
316 2531 409 2595 τάδε·

180 2627 219 2701 Ὠ
241 2634 423 2721 μέλεοι,,τί
442 2635 609 2719 κάθησθε;
633 2635 739 2700 λιπὼν
761 2629 858 2718 φεῦγ’
885 2637 1004 2718 ἐσχατα
1026 2635 1123 2716 γαίης

184 2743 331 2827 Δάματα
352 2739 408 2807 καί
430 2744 544 2818 πόλιος
566 2739 772 2826 τροχοειδέος
795 2741 880 2825 άκρα
902 2739 1038 2823 κάρηνα.

186 2849 272 2914 Οὔτε
293 2849 357 2934 γάρ
378 2847 401 2932 ἡ
423 2848 549 2932 κεφαλὴ
572 2845 664 2930 μένει
687 2846 829 2930 ἔμπεδον
853 2845 928 2909 οὔτε
951 2845 988 2907 τὸ
1011 2851 1118 2926 σῶμα,

186 2955 272 3020 Οότε
294 2956 394 3032 πόδες
415 2953 527 3019 νέατοι
550 2949 619 3018 οὔτ’
642 2948 690 3018 ὧν
712 2951 818 3036 χέρες,
843 2950 919 3014 οὔτε
941 2971 973 3012 τι
995 2945 1116 3032 μέσσης
1328 3019 1329 3028 ¹

185 3064 355 3144 Λείπεται,
379 3057 450 3126 ἀλλ’
477 3061 578 3142 άζηλα
600 3057 704 3124 πέλει·
727 3057 808 3121 κατδι
831 3054 893 3139 γάρ
917 3077 974 3138 μιν
997 3052 1118 3137 ἐρείπει

185 3173 261 3254 Πῦρ
283 3189 318 3232 τε
341 3163 396 3231 καί
419 3164 496 3244 ὀξὺς
508 3163 620 3250 Ἄρης,
643 3155 848 3247 Συριηγενὲς
870 3160 957 3245 δίρμα
981 3160 1120 3224 διώκων.

185 3273 301 3338 Πολλὰ
319 3267 356 3337 δὲ
373 3265 465 3337 κᾶλλ’
487 3270 605 3335 ἀπολεῖ
619 3267 831 3353 πυργώματα,
850 3265 912 3331 κού
930 3266 967 3330 τὸ
982 3267 1043 3331 σὸν
1058 3261 1144 3332 οίον·

186 3381 339 3455 Πολλοὺς
362 3375 393 3442 δ’
419 3375 598 3443 ἀθανάτων
620 3376 723 3458 νηοὺς
745 3377 875 3458 μαλερῷ
898 3369 978 3456 πυρί
1002 3373 1115 3456 δώσει,

186 3485 232 3550 Οἵ
250 3506 316 3550 που
338 3491 402 3549 νῦν
426 3484 539 3568 ίδρῶτι
563 3480 736 3567 ῥεούμενοι
759 3477 926 3563 ἑστηκασι,
