2632 3970
214 259 279 326 352
621 255 808 312 εεεοοοει

214 400 396 487 φεύξεσθαι
423 398 504 468 ούθλ
530 399 614 467 ἐκὼν
641 395 727 468 εἶναι
753 397 939 485 αἰσχυνέειν
960 401 1021 484 τήν
1042 401 1217 485 Σπάρτην,

214 503 364 590 ἐθώμαζέ
373 529 409 572 τε
427 507 533 592 ὁρέων
550 509 587 574 τὸ
605 508 804 590 ποιεύμενον
822 506 878 572 ἀτε
894 505 935 570 οὐ
948 508 1218 590 παραγενόμενος

212 619 258 699 τῷ
277 610 425 699 προτέρῳ
444 615 540 700 λόγῳ.
576 613 594 679 6
613 609 651 678 θλ
664 614 859 694 Παυσανίης
875 634 911 678 τε
932 609 987 676 καὶ
1004 611 1022 677 6
1037 611 1216 697 Εὐρυάναξ

214 718 327 783 όεινὸν
353 714 414 802 μέν
436 718 606 784 ἐποιεῦντο
628 719 665 782 τὸ
689 719 732 802 μή
755 720 935 782 πείθεσθαι
958 717 1084 782 ἐκεῖνον
1107 721 1216 802 σφίσι,

213 825 402 908 δεινότερον
425 820 463 889 όλ
485 827 533 888 ἐτι
554 826 667 890 κείνου
689 820 779 888 ταῦτ’
802 821 1023 907 ἀναινομένου
1041 823 1217 889 ἀπολιπεῖν

212 930 273 994 τόν
296 931 396 1012 λόχον
417 929 477 994 τὸν
496 931 697 1012 Πιτανήτην,
720 929 764 1012 μή
784 927 827 1012 ήν
845 928 1028 994 ἀπολίπωσι
1045 937 1218 1006 ποιεῦντες

213 1035 254 1098 τά
276 1035 504 1116 συνεθήκαντο
526 1044 612 1099 τοῖσι
634 1035 764 1100 ἀλλοισι
782 1031 929 1118 Ἕλλησι,
953 1034 1112 1117 ἀπόληται
1134 1033 1216 1099 ὑπο-

214 1136 364 1223 λειφθεὶς
395 1139 494 1215 αύτός
519 1161 554 1205 τε
581 1137 827 1223 Ἀμομφάρετος
857 1137 912 1205 ιωιλ
943 1140 979 1204 oc
1002 1137 1071 1224 μετ’
1101 1140 1215 1206 αὐτοῦ.

213 1251 315 1310 ταῦτα
343 1246 547 1329 λογιζόμενοι
574 1242 713 1330 ἀτρέμας
740 1239 830 1328 εἶχον
856 1246 894 1310 τὸ
923 1246 1148 1330 στρατόπεδον
1176 1248 1216 1310 τὸ

214 1350 410 1414 Λακωνικόν
431 1346 486 1414 καὶ
509 1349 685 1434 ἐπειρῶντο
707 1349 882 1426 πείθοντές
904 1374 962 1434 μιν
984 1349 1029 1427 ὡς
1051 1350 1093 1415 ού
1115 1351 1217 1435 χρεὸν

162 1475 198 1528 σε
215 1460 265 1538 είη
292 1463 394 1519 ταῦτα
421 1453 554 1520 ποιέειν.
598 1451 654 1519 καὶ
680 1455 715 1518 οί
739 1450 800 1538 μὲν
821 1457 1030 1540 παρηγόρεον
1049 1449 1216 1540 Ἀμομφά-

214 1581 311 1644 ρετον
329 1567 457 1644 μοῦνον
470 1561 744 1643 Λακεδαιμονίων
761 1581 797 1625 τε
814 1556 869 1624 καί
886 1559 1072 1643 Τεγεητέων
1090 1566 1215 1646 λελειμ

214 1665 334 1750 μένον,
361 1660 533 1749 Ἀθηναῖοι
565 1662 602 1730 δέ
633 1665 766 1730 ἐποίευν
797 1666 922 1731 τοιάόε·
954 1660 1044 1751 εἶχον
1076 1666 1217 1751 ἀτρέμας

215 1769 318 1854 σφέας
345 1771 466 1847 αὐτοὺς
495 1771 551 1836 ἵνα
577 1769 781 1855 ἐτάχθησαν,
814 1771 1022 1855 ἐπιστάμενοι
1049 1772 1089 1836 τά
1111 1776 1216 1837 Λακε-

164 1883 167 1888 ’
215 1877 398 1960 δαιμονίων
424 1877 620 1962 φρονήματα
648 1875 692 1952 ὡς
714 1877 797 1940 ἀλλα
819 1878 1034 1960 φρονεόντων
1055 1875 1111 1942 καὶ
1133 1878 1217 1942 ἀλλα

215 1984 389 2066 λεγόντων.
435 1981 479 2058 ὡς
506 1977 543 2046 θέ
570 1980 708 2063 ἐκινήθη
735 1981 773 2045 τὸ
800 1981 1038 2064 στρατόπεδον,
1071 1983 1217 2065 ἔπεμπον

216 2086 329 2172 σφέων
352 2085 449 2153 ίππέα
472 2086 637 2170 ὀψόμενόν
659 2107 694 2150 τε
721 2085 753 2150 εί
777 2085 980 2170 πορεύεσθαι
1002 2084 1216 2172 ἐπιχειρέοιεν

216 2193 252 2258 οί
275 2197 496 2278 Σπαρτιῆται,
524 2196 588 2256 είτε
614 2187 728 2256 καὶτὸ
755 2188 909 2274 παράπαν
936 2191 980 2275 μή
1006 2192 1217 2258 διανοεῦνται
1303 2211 1304 2232 ¹

216 2296 500 2379 ἀπαλλάσσεσθαι,
533 2293 725 2381 έπειρέσθαί
755 2318 791 2361 τε
820 2299 1018 2380 Παυσανίην
1049 2298 1086 2362 τὸ
1117 2299 1217 2383 χρεὸν

164 2421 198 2474 εε
217 2406 267 2483 είη
289 2399 422 2466 ποιέειν.
460 2402 503 2477 ὡς
526 2398 564 2466 δὲ
586 2401 716 2466 ἀπίκετο
740 2401 758 2467 6
781 2401 883 2487 κήρυξ
905 2401 938 2480 ἐς
959 2405 1038 2479 τοὺς
1055 2404 1217 2468 Λακεδαι-

217 2509 369 2592 μονίους,
397 2505 466 2590 ἀρα
488 2503 525 2569 τέ
545 2521 649 2589 σφεας
674 2507 756 2571 κατὰ
783 2508 896 2591 χώρην
922 2505 1140 2592 τεταγμένους
1162 2507 1218 2574 καὶ
1301 2551 1302 2603 η

218 2612 251 2689 ἐς
277 2614 386 2678 νείκεα
412 2607 612 2695 ἀπιγμένους
640 2610 749 2676 αὐτῶν
775 2614 854 2688 τοὺς
880 2613 1039 2698 πρώτους.
1082 2613 1127 2690 ὡς
1153 2616 1217 2698 γάρ

219 2720 259 2803 ἀή
287 2720 495 2804 παρηγόρεον
517 2717 576 2782 τὸν
595 2710 842 2803 Ἀμομφάρετον
865 2718 883 2783 ὅ
906 2740 941 2783 τε
963 2717 1140 2804 Εὐρυάναξ
1163 2717 1218 2784 καὶ
1300 2753 1301 2756 ¹

219 2825 237 2891 6
257 2827 450 2908 Παυσανίης
472 2824 516 2908 μή
539 2824 749 2888 κινδυνεύειν
771 2821 931 2908 μένοντας
948 2824 1095 2908 μούνους
1112 2828 1218 2890 Λακε-

219 2931 416 3014 δαιμονίων,
444 2928 485 2994 ού
507 2952 572 3005 κως
599 2929 750 3010 ἔπειθον,
778 2927 811 3004 ἐς
839 2927 856 2992 6
885 2926 918 3004 ἐς
945 2927 1053 2993 νείκεά
1075 2951 1109 2994 τε
1137 2946 1219 3016 συμ-
1297 2939 1299 2948 “

218 3038 373 3112 πεσόντες
391 3033 528 3100 ἀπίκατο
546 3030 748 3118 καὶὸκήρυξ
761 3042 828 3096 τῶν
838 3027 1025 3115 Ἀθηναίων
1038 3038 1219 3119 παρίστατό
1298 3059 1299 3081 ¹

219 3157 280 3226 σφι
302 3137 488 3224 ἀπιγμένος.
532 3137 668 3203 νεικέων
696 3134 733 3202 66
756 3136 773 3202 6
794 3131 1036 3223 Ἀμομφάρετος
1058 3142 1220 3225 λαμβάνει
1297 3203 1298 3241 ,

218 3244 339 3330 πέτρον
367 3241 571 3328 ἀμφοτέρησι
597 3251 671 3326 τήσι
698 3240 790 3328 χερσί
812 3240 867 3307 καὶ
888 3241 995 3320 τιθεὶς
1017 3246 1081 3330 πρὸ
1103 3249 1220 3312 ποθῶν

218 3359 285 3412 τῶν
308 3350 507 3413 Παυσανίεω
534 3348 635 3432 ταύτῃ
662 3356 701 3432 τῇ
728 3350 829 3434 ψήφῳ
857 3350 1060 3432 ψηφίζεσθαι
1087 3353 1151 3436 ἐφη
1176 3355 1220 3438 μή

220 3451 357 3533 φεύγειν
375 3455 454 3528 τοὺς
472 3451 623 3534 ξείνους[,
643 3450 770 3530 ξείνους
788 3451 893 3535 λέγων
909 3456 988 3532 τούς
1005 3457 1220 3542 βαρβάρους].
