2640 3960
441 242 509 297 LIB.
523 243 569 298 VI.
607 244 685 300 CAP.
705 248 826 298 68-70.
1086 243 1129 306 99
1191 291 1194 297 .

122 384 224 466 ταύτη
249 383 452 469 ἀναιρέομαι.
494 394 533 470 τῇ
557 384 596 450 δέ
616 401 676 450 σευ
699 386 837 470 μάλιστα
859 386 1079 451 κατάπτονται
1097 386 1132 450 ολ

123 488 257 572 ἐχθροί,
285 488 437 573 λέγοντες
463 491 508 568 ὡς
535 491 634 567 αὐτὸς
656 491 675 556 ό
695 487 867 575 Ἀρίστων,
895 491 948 556 ὅτε
976 491 1064 579 αύτῷ
1085 493 1129 555 σὺ

17 591 20 598 “
122 593 290 677 ἠγγέλθης
317 595 550 680 γεγενημένος,
579 601 711 662 πολλῶν
734 595 924 662 ἀκουόντων
948 597 989 660 ού
1012 594 1131 680 φήσειέ

123 715 160 763 σε
184 697 311 764 ἑωυτοῦ
334 695 420 766 εἶναι
444 699 517 787 (τὸν
539 704 662 787 χρόνον
685 702 758 785 γάρ,
784 704 874 782 [τοὺς
897 699 976 767 δέκα
998 704 1127 785 μηνας],

123 805 252 870 οὐδέκω
284 804 423 892 ἐξήκειν)
457 806 585 892 άλδρείη
615 817 682 871 τῶν
708 809 869 873 τοιούτων
896 818 1004 882 κεῖνος
1030 815 1128 871 τοῦτο

123 909 285 996 ἀπέρριψε
310 913 348 976 τὸ
372 915 457 990 ἐντος.
500 915 648 977 τίκτουσι
674 914 738 997 γάρ
765 924 919 996 γυναῖκες
941 909 995 976 καὶ
1018 911 1129 976 ἐννεά-

123 1041 212 1100 μηνα
235 1014 290 1082 καὶ
313 1015 491 1101 ἑπτάμηνα,
513 1015 568 1082 καὶ
592 1018 633 1084 οὐ
654 1027 756 1085 πᾶσαι
779 1017 859 1084 δέκα
881 1026 985 1102 μῆνας
1007 1014 1129 1082 ἐκτελέ-

123 1138 240 1187 σασαι·
264 1122 328 1206 ἐγὼ
352 1120 389 1188 δὲ
412 1122 459 1206 σέ,
483 1119 509 1188 ὦ
532 1135 600 1206 παῖ,
625 1121 812 1208 ἑπτάμηνον
830 1127 951 1188 ἔτεκον.
988 1125 1072 1205 έγνω
1091 1120 1129 1188 δὲ

123 1223 179 1292 καλ
202 1227 302 1305 αὐτὸς
321 1225 479 1313 Ἀρίστων
503 1228 544 1294 ού
566 1230 646 1311 μετά
667 1230 792 1294 πολλὸν
819 1231 942 1313 χρόνον
965 1228 1009 1304 ὡς
1032 1227 1127 1312 ἀνοίη

122 1336 160 1398 τὸ
184 1337 262 1410 ἐπος
285 1334 417 1418 ἐκβάλοι
438 1342 546 1398 τοῦτο.
592 1336 712 1416 λόγους
740 1331 776 1399 δέ
800 1336 920 1410 ἀλλους
942 1332 1017 1417 περὶ
1038 1331 1128 1416 γενέ·

123 1456 196 1516 σιος
218 1448 276 1523 τῆς
298 1449 446 1505 σεωυτοῦ
464 1440 507 1524 μὴ
531 1438 636 1504 δέκεο·
660 1441 701 1504 τά
718 1441 781 1523 γάρ
800 1439 1005 1521 ἀληθέστατα
1023 1439 1129 1504 πάντα

123 1547 275 1629 ἀκήκοας.
319 1545 356 1610 ἐκ
387 1541 423 1610 δέ
455 1545 654 1629 ὀνοφορβῶν
682 1545 770 1634 αὐτῷ
798 1569 834 1610 τε
859 1546 1048 1630 Λευτυχίδῃ
1074 1543 1129 1610 καί

123 1663 210 1718 τοῖσι
236 1659 338 1717 ταῦτα
365 1649 500 1735 λέγουσι
528 1653 669 1716 τίκτοιεν
695 1650 734 1715 αί
756 1661 909 1734 γυναῖκες
935 1651 1062 1728 παῖδας.
1107 1649 1181 1732 ητο

123 1755 184 1842 μὲν
216 1759 258 1840 δὴ
289 1765 391 1822 ταῦτα
424 1760 528 1840 ἐλεγε,
561 1756 579 1822 ό
612 1753 649 1821 δέ
679 1760 869 1841 πυθόμενός
899 1779 934 1821 τε
964 1758 1004 1820 τά
1035 1756 1128 1840 ἐβού-

123 1869 198 1928 λετο
221 1861 276 1926 καὶ
302 1863 418 1927 ἐπόδια
446 1863 557 1944 λαβὼν
585 1862 759 1945 ἐπορεύετο
787 1863 821 1938 ἐς
838 1853 948 1943 Ἦλιν,
972 1869 1017 1948 τῷ
1041 1863 1128 1948 λόγῳ

124 1971 190 2054 φάς
217 1968 262 2044 ὡς
293 1967 326 2044 ἐς
355 1969 511 2051 Δελφοὺς
542 1969 745 2050 χρησόμενος
775 1975 820 2053 τῷ
852 1970 1038 2054 χρηστηρίῳ
1070 1988 1129 2033 πο-

124 2075 264 2159 ρεύεται.
312 2075 570 2156 Λακεδαιμόνιοι
607 2068 644 2137 δὲ
676 2070 942 2155 ὑποτοπηθέντες
970 2072 1129 2156 Δημάρη-

123 2205 184 2247 τον
216 2183 352 2267 δρησμῷ
385 2176 576 2263 ἐπιχειρέειν
611 2177 760 2243 ἐδίωκον.
805 2181 863 2242 καί
886 2201 951 2253 κως
979 2179 1068 2261 ἔφθη
1096 2177 1129 2254 ἐς

124 2287 306 2352 Ζάκυνθον
333 2286 449 2368 διαβάς
472 2283 490 2348 ό
513 2283 712 2368 Δημάρητος
739 2282 774 2350 ἐκ
795 2292 852 2366 τῆς
870 2281 1017 2361 Ἤλιδος.
1062 2284 1129 2350 ἐπι-

125 2393 299 2476 διαβάντες
327 2387 363 2456 δέ
391 2391 426 2456 οί
444 2390 702 2473 Λακεδαιμόνιοι
725 2389 828 2455 αὐτοῦ
848 2412 884 2454 τε
910 2389 1052 2456 ἅπτοντο
1074 2388 1128 2454 καὶ

124 2501 203 2575 τοὺς
224 2496 434 2582 θεράποντας
456 2495 558 2559 αὐτὸν
581 2493 800 2578 ἀπαιρέονται.
837 2497 916 2579 μετά
935 2494 982 2578 δέ,
1007 2495 1047 2560 ού
1064 2496 1128 2578 γάρ

125 2605 318 2684 ἐξεδίδοσαν
341 2601 442 2665 αὐτὸν
466 2601 501 2666 οί
517 2600 712 2682 Ζακύνθιοι,
736 2599 893 2664 ἐνθεῦτεν
914 2602 1077 2683 διαβαίνει
1095 2599 1128 2674 ἐς

126 2714 185 2794 τὴν
204 2705 317 2790 Ἀσίην
340 2707 428 2789 παρά
451 2703 587 2788 βασιλέα
605 2709 761 2786 Δαρείου.
798 2704 816 2769 ὁ
839 2701 876 2770 δέ
897 2703 1075 2781 ὑπεδέξατό
1092 2726 1128 2767 τε

126 2818 228 2882 αὐτὸν
252 2807 434 2897 μεγαλωστὶ
456 2807 511 2874 καὶ
533 2819 597 2893 γῆν
618 2833 653 2874 τε
675 2807 730 2873 καλ
752 2813 867 2886 πόλιας
886 2809 995 2873 ἔδωκε.
1041 2807 1127 2872 οὕτω

126 2923 258 2988 ἀπίκετο
286 2917 319 2994 ἐς
345 2918 406 3000 τὴν
425 2911 537 2996 Ἀσίην
560 2915 758 2998 Δημάρητος
775 2911 830 2977 καλ
851 2913 985 2996 τοιαύτη
1008 2912 1128 2996 χρησά·

126 3051 224 3112 μενος
251 3026 347 3109 τύχη,
381 3024 464 3086 ἄλλα
490 3043 525 3085 τε
551 3006 844 3103 Λακεδαιμονίοισι
870 3018 975 3101 συχνά
1003 3019 1132 3100 ἔργοισί

8 3203 9 3210 ¹
125 3130 236 3200 τεκαὶ
259 3131 410 3214 γνάμησι
433 3126 739 3210 ἀπολαμπρυνθείς,
763 3123 799 3188 ἐν
823 3119 859 3188 δὲ
878 3123 919 3205 δη
943 3121 996 3187 καλ
1016 3120 1127 3208 Ὀλυμ-

125 3240 227 3304 πιάδα
262 3253 322 3320 σφι
350 3233 549 3316 ἀνελόμενος
579 3233 749 3316 τεθρίππῳ
776 3226 972 3312 προσέβαλε,
1005 3238 1128 3314 μοῦνος

125 3354 223 3410 τοῦτο
246 3342 381 3407 πάντων
404 3339 445 3421 δὴ
463 3347 532 3402 τῶν
548 3334 736 3420 γενομένων
754 3332 918 3418 βασιλέων
935 3333 972 3401 ἐν
990 3335 1128 3434 Σπάρτη

124 3455 272 3535 ποιήσας.
901 3541 916 3578 *

881 3549 895 3598 ’λ
