2678 3970
214 270 278 333 186
624 265 812 322 HERODOTI

212 409 251 477 δέ
278 414 310 476 εί
331 415 492 498 φαίνομαι
514 420 615 478 ταῦτα
638 413 745 496 λέγων
768 409 961 496 φλυηρέειν,
988 404 1090 476 τᾶλλα
1117 417 1216 493 σιγᾶν
1318 373 1319 420 ¹

212 515 303 584 θέλω
330 519 368 584 τὸ
391 522 521 585 λοιπόν·
548 527 612 585 νῦν
636 515 673 584 δὲ
696 516 917 602 ἀναγκασθεὶς
940 517 1040 596 ἔλεξα.
1084 515 1215 600 γένοιτο

213 621 326 708 μέντοι
348 627 429 691 κατὰ
452 628 534 691 νόον
555 649 624 708 τοι,
648 628 794 707 βασιλεῦ.
1319 693 1320 696 ,

163 744 213 795 ιοο
298 726 334 796 ‘0
355 728 417 816 μὲν
440 732 481 816 δὴ
503 739 606 796 ταῦτα
629 729 803 815 ἀμείψατο,
831 729 954 816 Ξέρξης
977 727 1014 796 δέ
1037 729 1070 805 ἐς
1091 728 1216 813 γέλωτά

213 859 249 902 τε
281 839 395 921 ἔτρεψε
425 834 477 901 καλ
507 836 569 902 οὐκ
596 836 771 920 ἐποιήσατο
799 836 903 921 ὀργὴν
931 836 1107 921 οὐδεμίαν,
1140 830 1211 900 ἀλλ’
1320 854 1321 872 ¹

213 941 318 1024 ἠπίως
340 941 441 1007 αύτδν
464 940 683 1027 ἀπεπέμψατο.
718 942 824 1029 τούτῳ
848 938 885 1006 δὲ
907 940 941 1017 ἐς
962 943 1083 1024 λόγους
1106 940 1216 1005 ἐλθὼν
1318 939 1321 996 l

208 1046 337 1131 Ξέρξης
354 1045 409 1112 καὶ
426 1048 576 1133 ὕπαρχον
594 1047 694 1134 ἐντῷ
713 1051 869 1134 Δορίσκῳ
887 1048 994 1134 τούτῳ
1013 1048 1216 1129 καταστήσας

214 1155 406 1238 Μασκάμην
423 1154 483 1219 τδν
500 1154 736 1236 Μεγαδόστεω,
758 1153 818 1218 τὸν
837 1150 874 1218 δὲ
892 1152 956 1218 ὑπὸ
974 1155 1123 1237 Δαρείου
1141 1169 1216 1217 στα-

214 1259 319 1325 θέντα
332 1260 551 1341 καταπαύσας,
570 1257 727 1342 ἐξήλαυνε
744 1259 804 1323 τὸν
823 1259 964 1343 στρατὸν
978 1259 1033 1323 διὰ
1046 1267 1104 1342 τῆς
1117 1261 1216 1343 Θρηί·

163 1389 282 1449 ιοςκης
301 1363 353 1430 ἐπὶ
371 1367 431 1448 τὴν
449 1361 598 1431 Ἑλλάδα.
632 1363 784 1430 κατέλιπε
808 1363 845 1430 δέ
867 1366 974 1450 ἄνδρα
991 1365 1122 1430 τοιόνδε
1141 1368 1217 1429 Μα-

215 1471 343 1555 σκάμην
364 1473 556 1555 γενόμενον,
578 1479 624 1559 τῷ
644 1473 785 1559 [μούνῳ]
805 1470 927 1555 Ξέρξης
946 1472 1037 1558 δῶρα
1055 1469 1217 1554 πέμπεσκε

214 1577 260 1654 ὡς
282 1576 488 1661 ἀριστεύοντι
510 1576 643 1641 πάντων
666 1577 766 1654 ὅσους
789 1578 888 1654 αὐτὸς
909 1576 1085 1662 κατέστησε
1107 1577 1128 1661 ἢ
1147 1582 1217 1642 Δα-

214 1693 304 1767 ρεῖος
325 1682 502 1767 ὑπάρχους,
525 1680 687 1767 πέμπεσκε
710 1679 747 1750 δέ
770 1683 833 1748 άνολ
850 1692 916 1750 πᾶν
935 1687 1020 1762 ἔτος·
1043 1683 1088 1761 ὣς
1107 1680 1143 1749 δὲ
1162 1681 1218 1748 καλ

210 1785 419 1874 Ἀρτοξέρξης
429 1788 446 1854 δ
456 1786 583 1873 Ξέρξεω
597 1799 683 1854 τοῖσι
692 1791 937 1875 Μασκαμείοισι
952 1791 1125 1874 ἐκγόνοισι.
1144 1813 1219 1855 κατ-

213 1895 357 1961 έστασαν
379 1896 442 1979 γὰρ
470 1897 518 1959 ἔτι
535 1896 698 1980 πρότερον
715 1896 837 1978 ταύτης
852 1905 911 1980 τῆς
928 1895 1057 1972 ἐλάσιος
1074 1897 1219 1980 ὕπαρχοι
1317 1933 1324 1954 ‹

214 2001 252 2066 ἐν
277 2009 317 2086 τῇ
341 2004 467 2087 Θρηίκη
489 1997 544 2064 καὶ
570 2009 632 2066 τοῦ
650 1997 895 2084 Ἑλλησπόντου
921 2009 1077 2086 πανταχῇ.
1124 1997 1219 2066 οὗτοι
1324 1984 1325 2016 ¹

213 2104 264 2173 ὧν
290 2107 424 2188 πάντες,
455 2106 490 2170 οί
508 2129 544 2171 τε
570 2106 608 2172 ἐκ
630 2111 775 2190 Θρηίκης
799 2105 937 2172 καὶτοῦ
960 2103 1218 2190 Ἑλλησπόντου,

214 2213 302 2295 πλὴν
327 2220 389 2276 τοῦ
416 2211 453 2278 ἐν
475 2215 630 2300 Δορίσκῳ
656 2212 722 2278 ὑπὸ
745 2208 913 2295 Ἑλλήνων
934 2213 1076 2297 ὕστερον
1097 2215 1219 2296 ταύτης

213 2325 272 2399 τῆς
304 2321 541 2400 στρατηλασίης
570 2316 800 2402 ἐξαιρέθησαν·
830 2319 891 2382 τὸν
923 2315 960 2382 δὲ
991 2318 1029 2383 ἐν
1058 2323 1218 2407 Δορίσκῳ

214 2421 405 2505 Μασκάμην
432 2421 576 2506 οὐδαμοί
598 2447 645 2487 κω
669 2423 904 2506 ἐδυνάσθησαν
926 2422 1062 2508 ἐξελεῖν,
1084 2431 1219 2491 πολλῶν

214 2526 474 2614 πειρησαμένων.
521 2529 576 2592 διὰ
606 2536 704 2593 τοῦτο
737 2528 776 2594 δέ
806 2529 841 2594 ot
868 2531 908 2595 τὰ
940 2531 1031 2613 δῶρα
1059 2531 1219 2616 πέμπεται

163 2655 214 2706 ιοτ
224 2635 313 2715 παρὰ
334 2641 396 2698 τοῦ
418 2635 652 2714 βασιλεύοντος
673 2632 738 2699 αίελ
761 2634 797 2699 ἐν
820 2633 978 2720 Πέρσησι.
1018 2649 1086 2702 τῶν
1109 2635 1147 2703 δέ
1169 2637 1218 2718 ἐξ·

216 2738 420 2824 αιρεθίντων
438 2739 503 2804 ὑπὸ
517 2737 685 2824 Ἑλλήνων
702 2739 824 2807 οὐδένα
842 2744 996 2824 βασιλεὺς
1009 2742 1132 2828 Ξέρξης
1146 2745 1218 2810 ἐνό-

215 2850 290 2931 μίσε
313 2841 399 2911 εἶναι
422 2846 529 2932 άνδρα
551 2846 682 2930 άγαδὸν
704 2849 736 2912 εί
756 2848 799 2931 μὴ
819 2849 932 2931 Βόγην
954 2857 1083 2932 μοῦνον
1105 2851 1165 2916 τὸν
1184 2847 1217 2930 ἐξ

212 2949 354 3029 Ἠιόνος.
389 2960 509 3017 τοῦτον
533 2949 569 3017 δέ
590 2950 710 3018 αίνίων
729 2952 790 3017 ούκ
808 2953 945 3019 ἐπαύετο
959 2951 1014 3018 καί
1032 2957 1111 3032 τοὺς
1127 2979 1218 3042 περι·
1321 2933 1325 2966 ⁹

214 3061 332 3136 εόντας
354 3057 458 3123 αὐτοῦ
481 3057 518 3122 ἐν
542 3057 691 3143 Πέρσησι
713 3059 833 3136 παῖδας
855 3058 948 3143 ἐτίμα
970 3060 1124 3145 μάλιστα,
1147 3063 1218 3129 ἐπεὶ

213 3163 271 3229 καὶ
302 3163 392 3242 ἄξιος
424 3168 521 3229 αίνου
553 3164 697 3248 μεγάλου
729 3163 858 3247 ἐγένετο
885 3167 1008 3250 Βόγης·
1039 3167 1076 3244 δς
1105 3169 1217 3253 ἐπειδὴ

213 3269 441 3354 ἐπολιορκέετο
463 3270 528 3335 ὑπὸ
544 3265 732 3354 Ἀθηναίων
753 3269 809 3335 καί
826 3273 981 3355 Κίμωνος
998 3282 1059 3338 τοῦ
1076 3277 1218 3340 Μιλτιά·

214 3376 292 3456 δεω,
315 3375 441 3457 παρεὸν
464 3375 789 3463 αύτῳύπόσπονδον
811 3375 959 3454 ἐξελθεῖν
981 3377 1037 3443 καὶ
1058 3390 1219 3465 νοστῆσαι

216 3478 250 3555 ἐς
272 3479 334 3562 την
349 3476 473 3562 Ἀσίην,
496 3479 556 3544 οὐκ
574 3480 727 3566 ἠθέλησε,
745 3483 790 3566 μὴ
809 3482 914 3568 δειλίη
933 3482 1039 3561 δόξειε
1056 3497 1219 3562 περιεῖναι
