2640 3960
180 229 248 293 120
596 226 782 282 HERODOTI

181 373 272 456 εἰμεν
299 370 531 455 περιγενέσθαι
558 379 596 456 τῇ
624 373 782 455 συμβολῇ.
827 377 930 434 ταῦτα
953 364 1000 434 ὧν
1022 368 1129 433 πάντα
1153 366 1187 444 ές

180 472 219 542 σε
239 484 304 541 νῦν
325 479 425 543 τείνει
451 474 507 542 καὶ
534 475 570 542 έκ
597 475 653 541 σέο
675 477 824 559 ἤρτηται·
854 474 896 559 ἡν
918 475 981 557 γάρ
1005 475 1047 538 σὺ
1069 473 1186 558 γνώμῃ
1312 541 1313 558 ,

180 589 220 666 τῇ
243 581 302 666 ἐμῇ
324 589 468 668 προσθῇ,
493 585 561 648 ἔστι
582 605 634 646 τοι
656 583 772 667 πατρίς
789 603 824 646 τε
842 578 1001 664 ἐλευθέρη
1019 576 1075 643 καλ
1091 580 1188 655 πόλις

180 687 292 772 πρώτη
305 699 373 753 τών
387 689 423 754 ἐν
437 697 476 773 τῇ
484 684 633 754 Ἑλλάδι·
646 686 689 772 ἡν
704 682 741 752 δὲ
753 687 814 770 τὴν
828 697 895 751 τῶν
906 685 1188 751 ἀποσπευδόντων

179 794 241 876 τὴν
264 795 434 878 συμβολὴν
453 793 521 879 ἕλη,
545 791 681 876 ὑπάρξει
697 815 751 857 τοι
768 801 836 856 τών
854 791 918 874 έγδν
936 789 1090 870 κατέλεξα
1108 791 1188 874 άγα-
1312 821 1315 896 χ

130 919 181 969 110
190 905 264 963 θῶν
293 900 335 964 τά
366 899 509 967 ἐναντία.
552 907 654 964 ταῦτα
685 896 793 981 λέγων
820 897 838 963 ὁ
865 896 1054 980 Μιλτιάδης
1084 912 1188 980 προσ·
1308 923 1315 940 ·

181 1012 295 1070 κτᾶται
316 1006 375 1070 τὸν
397 1007 624 1089 Καλλίμαχον·
655 1001 921 1088 προσγενομένης
945 998 982 1068 δὲ
1003 1009 1064 1068 τοῦ
1091 1007 1189 1067 πολε-

182 1110 310 1195 μάρχου
338 1120 395 1194 τῆς
421 1110 554 1194 γνώμης
581 1108 762 1194 ἐκεκύρωτο
790 1109 1001 1193 συμβάλλειν.
1041 1109 1122 1193 μετὰ
1151 1105 1189 1174 δὲ

183 1215 219 1280 os
238 1212 414 1301 στρατηγοὶ
436 1224 503 1279 τῶν
524 1213 545 1296 ἡ
564 1213 678 1297 γνώμη
698 1217 795 1298 ἔφερε
813 1213 1024 1298 συμβάλλειν,
1048 1214 1092 1290 ὡς
1116 1213 1190 1279 ἑκά-

183 1337 264 1386 στου
288 1321 398 1385 αύτών
421 1319 546 1403 ἐγίνετο
569 1323 754 1404 πρυτανηίη
777 1327 834 1404 τὴς
855 1318 993 1404 ἡμέρης,
1017 1320 1188 1405 Μιλτιάδη

182 1427 418 1511 παρεδίδοσαν·
434 1425 451 1491 ὁ
467 1421 504 1490 δὲ
516 1426 691 1509 δεκόμενος
705 1425 778 1490 οὔτι
787 1448 833 1490 κω
849 1426 1020 1510 συμβολὴν
1030 1423 1188 1508 ἐποιέετο,

130 1535 271 1617 ιιιπρίν
288 1555 326 1614 γε
345 1532 386 1614 δὴ
404 1529 507 1595 αὐτοῦ
524 1533 708 1614 πρυτανηίη
728 1529 866 1613 ἐγένετο.
893 1531 938 1608 ὡς
957 1527 993 1596 δέ
1012 1530 1046 1608 ἐς
1060 1531 1189 1597 ἐκείνου

182 1641 352 1723 περιῆλθε,
375 1635 521 1702 ἐνθαῦτα
545 1636 586 1718 δὴ
610 1635 786 1700 έτάσσοντο
810 1630 875 1700 ώδε
898 1637 934 1702 οί
950 1633 1124 1721 Ἀθηναῖοι
1145 1638 1189 1713 ὡς
1317 1699 1318 1704 ,

184 1741 436 1828 συμβαλέοντες
468 1750 528 1807 τοῦ
555 1737 616 1826 μὲν
644 1740 755 1820 δεξιοῦ
781 1740 893 1828 κέρεος
914 1743 1029 1826 ἡγέετο
1052 1743 1070 1810 ὁ
1093 1742 1189 1808 πολέ-

184 1872 308 1935 μαρχος
325 1850 548 1932 Καλλίμαχος·
571 1847 590 1914 ὁ
613 1849 677 1933 γάρ
699 1850 802 1932 νόμος
820 1850 894 1914 τότε
912 1843 978 1934 εἶχε
997 1849 1083 1914 οὕτω
1102 1860 1189 1914 τοῖσι
1314 1887 1319 1940 η

182 1951 403 2039 Ἀθηναίοισι,
436 1955 495 2019 τὸν
522 1953 730 2038 πολέμαρχον
760 1957 847 2038 ἔχειν
875 1951 972 2040 κέρας
1002 1957 1040 2022 τὸ
1069 1955 1188 2034 δεξιόν.

183 2060 365 2147 ἡγεομένου
402 2056 439 2125 δὲ
472 2062 593 2126 τούτου
626 2059 813 2137 ἐξεδέκοντο
845 2059 890 2136 ώς
920 2060 1121 2146 ἀριθμέοντο
1154 2061 1192 2126 αλ

106 2189 107 2193 ’
184 2171 303 2252 φυλαί,
335 2167 486 2250 ἐχόμεναι
518 2166 686 2260 άλλὴλων·
717 2170 898 2231 τελευταῖοι
930 2163 967 2232 δὲ
999 2165 1188 2250 ἐτάσσοντο,

184 2275 313 2356 ἔχοντες
339 2273 376 2335 τὸ
404 2271 577 2354 εὐώνυμον
603 2270 715 2356 κέρας,
744 2271 931 2349 Πλαταιέες.
978 2272 1041 2338 ἀπὸ
1068 2274 1189 2356 ταύτης

183 2377 247 2462 γάρ
276 2393 336 2460 σφι
362 2386 419 2460 τῆς
446 2377 550 2460 μάχης
569 2373 757 2460 Ἀθηναίων
783 2380 906 2455 θυσίας
935 2377 1129 2462 ἀναγόντων
1157 2379 1190 2457 ές

183 2483 241 2557 τὰς
271 2483 477 2566 πανηγύριας
512 2482 569 2558 τάς
601 2482 637 2547 ἐν
668 2491 743 2567 τῇσι
774 2487 981 2567 πεντετηρίσι
1010 2484 1190 2569 γινομένας

184 2587 372 2672 κατεύχεται
405 2586 422 2652 ὁ
450 2587 551 2672 κῆρυξ
581 2586 600 2653 ό
624 2583 801 2671 Ἀθηναῖος
828 2590 893 2674 ἅμα
920 2612 954 2654 τε
980 2586 1190 2674 Ἀθηναίοισι

184 2693 290 2776 λέγων
317 2694 471 2776 γίνεσθαι
500 2694 540 2758 τδ
567 2693 679 2777 άγαθδ
705 2693 760 2760 καὶ
788 2700 998 2761 Πλαταιεῦσι.
1049 2699 1124 2764 τότε
1151 2695 1189 2764 δὲ

184 2798 396 2884 τασσομένων
420 2809 487 2864 τών
507 2796 696 2883 Ἀθηναίων
718 2800 755 2868 έν
776 2809 822 2888 τῷ
845 2805 1038 2887 Μαραθῶνι
1061 2803 1189 2887 ἐγίνετο

184 2907 316 2971 τοιόνδε
341 2924 386 2969 τι·
418 2906 455 2970 τὸ
484 2908 706 2990 στρατόπεδον
734 2906 947 2992 ἐξισούμενον
975 2917 1021 2996 τῷ
1044 2913 1190 2999 Μηδικῷ

185 3011 409 3098 στρατοπέδῳ,
436 3012 474 3076 τὸ
503 3006 563 3096 μέν
590 3012 694 3077 αὐτοῦ
720 3011 822 3095 μέσον
850 3012 975 3095 ἐγίνετο
1004 3012 1057 3080 ἐπὶ
1079 3015 1191 3094 τάξιας

186 3116 308 3198 ὀλίγας,
326 3113 381 3180 καὶ
399 3116 500 3201 ταύτη
516 3111 562 3199 ,ἡν
581 3116 823 3182 ἀσθενέστατον
841 3118 878 3182 τὸ
897 3122 1133 3204 στρατόπεδον,
1152 3123 1190 3188 τὸ

135 3217 232 3286 ιινδδ
255 3220 351 3304 κέρας
378 3218 533 3306 ἑκάτερον
555 3225 679 3307 ἔρρωτο
701 3224 830 3304 πλήθεϊ.
874 3223 918 3300 ὡς
945 3223 985 3289 δέ
1005 3242 1066 3311 σφι
1089 3227 1192 3294 διετέ-

185 3347 282 3388 τακτο
305 3321 422 3389 καὶτὰ
445 3327 569 3409 σφάγια
594 3327 719 3410 ἐγίνετο
742 3329 839 3410 καλά,
863 3327 1010 3395 ἐνθαῦτα
1033 3332 1077 3409 ὡς
1101 3332 1192 3399 ἀπεί-

185 3436 298 3514 θησαν
322 3431 357 3495 οί
373 3427 560 3514 Ἀθηναῖοι,
588 3433 700 3518 δρόμῳ
724 3432 811 3498 ἵεντο
835 3434 868 3512 ἐς
890 3439 969 3513 τοὺς
991 3439 1192 3524 βαρβάρους.
