2678 3970
190 290 253 354 180
599 289 786 350 HERODOTI
897 311 903 330 ··

189 429 226 500 δέ
243 435 439 519 παρείχοντο
459 433 536 512 νέας
551 437 764 520 πεντήκοντα,
782 392 1020 521 θωρηκοφόροι
1032 458 1067 500 τε
1082 434 1192 510 ἐόντες

187 535 243 603 καί
265 541 519 626 κνημιδοφόροι,
544 535 634 625 εἰχον
657 537 695 607 δέ
717 539 794 619 τόξα
812 539 969 627 κρανέϊνα
987 538 1041 606 καί
1059 539 1191 614 ὀϊστοὺς

188 648 390 729 καλαμίνους
416 645 577 732 ἀπτέρους
603 645 658 712 καί
685 647 834 729 ἀκόντια,
862 644 915 712 έπί
938 643 975 711 δὲ
1002 647 1094 729 αἰγὸς
1116 643 1191 728 δέρ-

187 773 272 835 ματα
294 749 369 836 περὶ
387 755 464 830 τοὺς
484 754 593 838 ὤμους
611 753 827 839 αἰωρούμενα,
850 749 925 837 περὶ
944 749 981 818 δέ
998 759 1072 836 τῇσι
1090 775 1190 834 κεφα-

187 861 262 942 λῇσι
288 860 406 936 πίλους
427 870 575 945 πτεροῖσι
597 855 979 945 περιεστεφανωμένους·
1012 857 1190 942 ἐγχειρίδια

188 959 224 1028 δέ
246 961 302 1029 καί
324 963 470 1048 δρέπανα
493 959 591 1048 εἰχον.
633 965 753 1030 Λύκιοι
776 961 813 1030 δέ
838 967 994 1049 Τερμίλαι
1017 962 1190 1028 ἐκαλέοντο

187 1067 223 1135 έκ
250 1071 382 1155 Κρήτης
409 1073 596 1154 γεγονότες,
632 1068 684 1136 έπί
712 1066 749 1136 δέ
770 1071 886 1136 Λύκου
917 1078 978 1134 τοῦ
1000 1069 1192 1144 Πανδίονος

132 1191 168 1238 οε
187 1173 309 1260 ἀνδρὸς
335 1172 516 1259 Ἀθηναίου
546 1179 643 1261 ἔσχον
665 1177 726 1260 τὴν
749 1175 947 1260 έπωνυμίηυ.
984 1171 1130 1260 Δωριέες
1153 1170 1191 1238 δέ

188 1281 223 1346 οἰ
247 1281 283 1347 ἐκ
309 1291 366 1366 τῆς
385 1275 493 1367 Ἀσίης
518 1286 694 1368 τριήκοντα
721 1285 916 1368 παρείχοντο
941 1279 1032 1362 νέας,
1061 1278 1192 1364 ἔχοντές

188 1410 222 1453 τε
243 1383 418 1472 Ἑλληνικὰ
447 1389 530 1454 ὅπλα
557 1385 611 1453 καὶ
638 1391 810 1472 γεγονότες
832 1387 896 1452 ἀπὸ
920 1387 1190 1468 Πελοποννήσου.
1276 1437 1280 1452 .

187 1495 295 1578 Κᾶρες
318 1489 354 1560 δέ
378 1492 603 1579 ἑβδομήκοντα
625 1497 820 1580 παρείχοντο
843 1492 934 1575 νέας,
962 1493 1002 1556 τδι
1024 1486 1084 1575 μέν
1107 1491 1191 1554 ἄλλα

187 1599 269 1664 κατά
294 1621 355 1685 περ
375 1597 532 1684 Ἕλληνες
559 1599 765 1685 ἐσταλμένοι,
793 1595 883 1684 εἰχον
907 1595 943 1664 δέ
965 1596 1020 1663 καί
1043 1595 1191 1681 δρέπανα

187 1701 241 1769 καί
268 1705 454 1791 ἐγχειρίδια.
499 1701 592 1772 οὗτοι
620 1703 657 1772 δέ
680 1707 798 1782 οἵτινες
820 1708 982 1791 πρότερον
1005 1701 1189 1784 ἐκαλέοντο,

136 1827 169 1874 94
188 1809 225 1876 ἐν
242 1822 328 1876 τοῖσι
345 1812 504 1897 πρώτοισι
516 1823 584 1876 τῶν
597 1813 706 1895 λόγων
724 1816 858 1896 εἰρηται.
885 1809 1000 1886 Ἴωνες
1018 1804 1055 1873 δέ
1074 1805 1191 1873 ἑκατὸν
1325 1851 1326 1858 1

188 1915 265 1994 νέας
281 1922 488 2003 παρείχοντο,
512 1914 746 2002 ἐσκευασμένοι
765 1917 809 1994 ὡς
824 1915 989 2000 Ἕλληνες.
1016 1914 1130 1992 Ἴωνες
1153 1911 1191 1979 δέ
1324 1938 1326 1948 ⁴

188 2023 269 2089 ὅσον
278 2021 339 2108 μὲν
353 2027 476 2110 χρόνον
492 2023 528 2090 ἐν
539 2025 785 2110 Πελοποννήσῳ
801 2029 911 2088 οἰκεον
924 2023 986 2106 τήν
998 2030 1063 2086 νῦν
1076 2025 1191 2086 καλεο-

188 2127 292 2212 μένην
316 2125 462 2214 Ἀχαιίην
491 2127 546 2194 καί
577 2128 657 2215 πρὶν
685 2129 705 2213 ἢ
734 2131 873 2194 Δαναόν
905 2151 939 2192 τε
971 2125 1025 2193 καί
1052 2127 1190 2202 Ξοῦθον

102 2268 106 2276 ·
188 2233 365 2300 ἀπικέσθαι
401 2236 434 2312 ἐς
465 2237 741 2318 Πελοπόννησον,
778 2235 822 2311 ὡς
852 2232 1008 2316 Ἕλληνες
1044 2231 1189 2316 λέγουσι,

188 2337 362 2404 ἐκαλέοντο
381 2338 549 2423 Πελασγοὶ
568 2339 752 2424 Αἰγιαλέες,
771 2337 824 2405 ἐπὶ
842 2336 880 2405 δὲ
893 2338 1010 2416 Ἴωνος
1027 2347 1088 2404 τοῦ
1106 2339 1190 2413 Ξού-

138 2463 170 2512 εε
188 2443 388 2522 θουἼωνες.
424 2456 583 2528 νησιῶται
602 2443 639 2511 δέ
657 2445 870 2511 ἑπτακαίδεκα
888 2449 1083 2531 παρείχοντο
1102 2445 1189 2527 νέας,

190 2548 389 2636 ὡπλισμένοι
406 2550 451 2627 ὡς
465 2547 630 2634 Ἕλληνες.
667 2548 721 2616 καὶ
738 2561 836 2617 τοῦτο
853 2552 1059 2634 Πελασγικὸν
1077 2553 1190 2633 ἔθνος,

189 2657 329 2742 ὕστερον
352 2653 389 2721 δὲ
409 2649 555 2722 Ἰωνικὸν
573 2655 697 2740 ἐκλήθη
718 2658 799 2721 κατὰ
816 2657 875 2721 τὸν
895 2655 997 2720 αὐτὸν
1015 2658 1117 2739 λόγον
1135 2655 1190 2721 καὶ

190 2762 226 2828 οἰ
246 2763 507 2839 δυωδεκαπόλιες
518 2758 633 2838 Ἴωνες
655 2763 690 2827 οἰ
710 2759 764 2826 ἀπ’
783 2759 961 2845 Ἀθηνέων.
998 2760 1134 2839 Αἰολέες
1153 2760 1191 2828 δέ

190 2868 346 2954 ἑξήκοντα
363 2867 441 2946 νέας
457 2871 663 2954 παρείχοντο,
683 2867 915 2952 ἐσκευασμένοι
927 2891 962 2932 τε
980 2865 1191 2951 ὡςἚλληνες
1321 2939 1322 2944 1

190 2974 298 3041 καὶτὸ
317 2975 416 3041 πάλαι
434 2976 627 3058 καλεόμενοι
642 2977 820 3057 Πελασγοί,
839 2974 884 3050 ὡς
896 2969 1064 3056 Ἑλλήνων
1082 2977 1189 3057 λόγος.

185 3077 435 3163 Ἑλλησπόντιοι
466 3079 503 3147 δέ
535 3082 621 3165 πλήν
645 3078 837 3164 Ἀβυδηνῶν
869 3073 1097 3164 (Ἀβυδηνοῖσι
1126 3082 1190 3166 γὰρ

190 3185 426 3271 προσετέτακτο
445 3185 480 3254 ἐκ
499 3184 651 3271 βασιλέος
668 3187 749 3252 κατὰ
766 3186 877 3272 χώρην
890 3182 1028 3268 μένουσι
1041 3186 1191 3269 φύλακας

191 3284 276 3355 εἰναι
303 3301 370 3356 τῶν
396 3290 583 3379 γεφυρέων)
612 3292 647 3356 οἰ
668 3289 704 3357 δέ
726 3288 836 3357 λοιποὶ
859 3290 894 3354 οἰ
916 3288 951 3354 έκ
972 3297 1033 3354 τοῦ
1055 3292 1190 3358 Πόντου

192 3397 444 3480 στρατευόμενοι
475 3399 670 3481 παρείχοντο
702 3393 762 3482 μὲν
792 3394 908 3461 ἑκατὸν
935 3393 1025 3475 νέας,
1058 3395 1190 3462 ἐσκευα-

192 3499 308 3582 σμένοι
340 3495 377 3565 δέ
407 3497 493 3584 ἦσαν
522 3502 566 3577 ὡς
589 3500 753 3583 Ἕλληνες.
799 3495 892 3566 οὗτοι
920 3495 956 3565 δέ
981 3496 1103 3566 Ἰώνων
1134 3499 1190 3567 καί
1319 3595 1320 3599 ¹
