2640 3960
223 225 287 288 112
635 219 822 276 HERODOTI

221 360 407 451 ὁρμώμενοι
429 367 517 452 παρά
539 389 574 431 τε
593 363 736 450 Ἰκάριον
758 363 814 430 καὶ
836 366 892 430 διά
913 367 1026 448 νήσων
1043 365 1103 429 τὸν
1120 367 1226 430 πλόον

220 471 401 556 ἐποιεῦντο,
425 473 469 550 ὡς
491 469 551 557 μὲν
570 470 643 557 ἐμοὶ
662 471 802 555 δοκέειν,
822 473 991 548 δείσαντες
1009 471 1149 554 μάλιστα
1167 473 1226 537 τὸν

219 581 400 662 περίπλοον
421 587 482 645 τοῦ
504 577 610 662 Ἄθω,
634 579 685 642 ὅτι
706 585 752 664 τῷ
775 575 924 664 προτέρῳ
947 579 1014 642 ἐτει·
1034 577 1226 661 ποιεύμενοι

219 684 321 770 ταύτη
352 685 414 768 τήν
446 685 587 769 κομιδήν
616 683 764 768 μεγάλως
793 681 1051 768 προσέπταισαν·
1078 685 1162 767 πρὸς
1190 680 1227 748 δὲ

219 787 274 854 καί
300 790 321 874 ή
345 789 456 869 Νάξος
483 789 586 874 σφέας
616 789 776 872 ήνάγκαζε
807 776 982 873 πρότερον
1002 788 1064 854 ούκ
1090 788 1226 856 ἁλοῦσα

167 914 201 964 96
220 892 289 961 ἐπεὶ
313 891 350 961 δὲ
373 895 408 962 ἐκ
430 905 490 962 τοῦ
506 892 648 980 Ἰκαρίου
666 895 823 978 πελάγεος
841 896 1108 979 προσφερόμενοι
1124 914 1227 981 προσ-

220 1002 334 1087 έμιξαν
357 1009 397 1086 τῆ
421 1000 521 1089 Νάξφ
550 998 617 1088 (ἐπὶ
638 1001 763 1084 ταύτην
785 1001 849 1083 γὰρ
872 1001 913 1084 δή
936 1001 1071 1085 πρώτην
1095 1001 1227 1087 ἐπεῖχον

220 1107 458 1192 στρατεύεσθαι
491 1107 526 1172 οί
546 1105 704 1190 Πέρσαι),
734 1105 936 1191 μεμνημένοι
967 1117 1035 1171 νῦν
1062 1110 1227 1192 πρότερον

221 1214 255 1278 οί
275 1212 396 1292 Νάξιοι
422 1214 504 1299 πρὸς
530 1214 571 1278 τά
598 1215 677 1297 όρεα
705 1217 835 1296 οίχοντο
860 1213 1041 1296 φεύγοντες
1064 1209 1143 1278 οὐδὲ
1166 1213 1227 1278 ὑπ-

168 1360 171 1364 -
220 1317 363 1403 έμειναν.
408 1320 444 1384 οί
472 1315 510 1384 δέ
537 1317 665 1402 Πέρσαι
696 1317 1021 1403 ἀνδραποδισάμενοι
1046 1319 1126 1396 τοὺς
1151 1342 1225 1384 κατ·

219 1424 340 1508 έλαβον
367 1424 492 1508 αὐτῶν,
520 1423 706 1509 ἐνέπρησαν
727 1421 782 1490 καὶ
804 1427 844 1490 τά
866 1425 922 1509 ίρά
948 1421 1003 1489 καὶ
1029 1425 1090 1508 τήν
1117 1427 1226 1490 πόλιν.

220 1539 320 1596 ταῦτα
348 1527 386 1596 δέ
410 1534 605 1614 ποιήσαντες
628 1528 681 1596 ἐπὶ
703 1531 760 1607 τὰς
783 1531 883 1607 ἄλλας
905 1532 1030 1614 νήσους
1052 1529 1227 1613 άνάγοντο.

167 1656 199 1706 97
220 1636 256 1701 ἐν
283 1628 310 1725 ᾧ
338 1634 375 1702 δὲ
405 1631 498 1702 οὗτοι
524 1645 626 1702 ταῦτα
654 1635 803 1719 ἐποίευν,
835 1637 870 1700 οί
890 1639 1012 1719 Δήλιοι
1039 1635 1227 1714 ἐκλιπόντες

219 1740 274 1806 καί
306 1740 402 1808 αὐτοὶ
432 1743 493 1826 τήν
520 1747 636 1826 Δῆλον
668 1748 798 1826 οἴχοντο
831 1743 1012 1826 φεύγοντες
1041 1741 1075 1820 ἐς
1106 1747 1226 1826 Τῆνον.

219 1857 276 1932 τῆς
299 1844 336 1914 δὲ
355 1857 507 1934 στρατιῆς
524 1849 770 1930 καταπλεούσης
788 1847 806 1913 ὁ
825 1853 929 1925 Δάτις
946 1849 1145 1933 προπλώσας
1164 1850 1228 1915 οὐκ

220 1958 257 2019 ἐα
288 1957 346 2032 τάς
371 1954 449 2032 νέας
479 1956 562 2040 πρὸς
589 1956 651 2038 τήν
678 1963 783 2038 νῆσον
814 1957 1109 2040 προσορμίζεσθαι,
1142 1955 1227 2022 ἀλλά

219 2059 324 2146 πέρην
351 2061 388 2127 ἐν
414 2069 454 2146 τῆ
477 2056 624 2146 Ῥηναίη·
661 2060 760 2136 αὐτὸς
788 2057 825 2125 δὲ
847 2063 1038 2144 πυθόμενος
1060 2060 1116 2125 ἵνα
1139 2057 1226 2144 ἦσαν

220 2167 255 2230 οί
270 2169 402 2251 Δήλιοι,
425 2165 562 2252 πέμπων
584 2168 710 2250 κήρυκα
733 2165 874 2250 ήγόρευέ
894 2183 955 2250 σφι
972 2166 1064 2231 τάδε·
1085 2164 1226 2252 ’Ἄνδρες

220 2271 297 2354 ίροί,
320 2275 355 2336 τί
375 2274 555 2355 φεύγοντες
578 2278 722 2356 οίχεσθε,
746 2272 807 2337 οῦκ
829 2271 983 2355 ἐπιτήδεα
1005 2276 1227 2356 καταγνόντες

219 2373 288 2438 κατ’
316 2377 407 2460 έμεῦ;
440 2377 504 2461 ἐγὼ
526 2379 590 2462 γάρ
612 2376 667 2442 καὶ
688 2378 786 2454 αὐτὸς
804 2376 857 2443 ἐπὶ
874 2380 1015 2444 τοσοῦτό
1033 2401 1070 2461 γε
1089 2380 1226 2465 φρονέω

218 2483 277 2545 καί
291 2503 347 2564 μοι
365 2481 401 2548 ἐκ
419 2483 571 2566 βασιλέος
592 2478 656 2548 ὧδε
674 2483 875 2568 ἐπέσταλται,
893 2483 931 2550 ἐν
948 2493 988 2570 τῆ
1005 2485 1095 2570 χάρη
1115 2487 1151 2550 οί
1163 2489 1226 2553 δύο
1314 2487 1315 2512 ¹

219 2585 295 2652 θεοί
314 2586 478 2672 ἐγένοντο,
497 2590 621 2673 ταύτην
639 2586 744 2674 μηδὲν
763 2593 927 2674 σίνεσθαι,
946 2593 1026 2675 μήτε
1044 2591 1150 2676 αὐτήν
1163 2595 1226 2677 τήν

218 2695 331 2779 χώρην
353 2697 433 2780 μήτε
454 2697 533 2772 τοὺς
555 2698 728 2780 οίκήτορας
751 2696 860 2780 αὐτῆς.
900 2705 964 2762 νῦν
987 2693 1035 2762 ὧν
1057 2695 1113 2762 καὶ
1131 2700 1226 2766 άπιτε

219 2799 272 2865 ἐπὶ
294 2802 334 2866 τά
356 2801 497 2887 ὑμέτερα
519 2802 630 2868 αὐτῶν
651 2801 706 2868 καὶ
727 2804 788 2886 τήν
810 2812 915 2886 νῆσον
935 2801 1085 2887 νέμεσθε.
1121 2814 1226 2870 ταῦτα
1313 2831 1314 2836 ’

219 2903 279 2992 μέν
298 2907 578 2995 ἐπεκηρυκεύσατο
597 2921 683 2975 τοῖσι
696 2912 862 2992 Δηλίοισι,
882 2910 962 2994 μετὰ
981 2906 1018 2974 δέ
1036 2912 1226 2992 λιβανωτοῦ

218 3017 390 3100 τριηκόσια
407 3016 551 3081 τάλαντα
569 3017 753 3099 κατανήσας
770 3013 823 3080 ἐπὶ
840 3024 900 3080 τοῦ
919 3019 1034 3100 βωμοῦ
1052 3015 1224 3100 ἐθυμίησε.

166 3137 200 3186 98
220 3126 324 3197 Δᾶτις
345 3118 406 3204 μὲν
427 3123 468 3206 δή
486 3131 589 3186 ταῦτα
606 3124 745 3205 ποιήσας
764 3124 855 3186 ἔπλεε
874 3121 940 3205 ἅμα
957 3131 1003 3210 τῷ
1022 3131 1150 3210 στρατῷ
1170 3121 1223 3188 ἐπὶ

219 3227 279 3308 τήν
304 3221 472 3311 Ἐρέτριαν
498 3237 626 3311 πρῶτα,
658 3227 724 3310 ἅμα
751 3227 911 3311 ἀγόμενος
936 3226 993 3293 καλ
1021 3226 1141 3306 ’Ἰωνας
1167 3228 1223 3294 καὶ

219 3329 374 3406 Αίολέας·
397 3333 477 3414 μετά
500 3330 537 3396 δέ
557 3340 677 3396 τοῦτον
695 3331 853 3397 ἐνθεῦτεν
871 3331 1092 3418 ἐξαναχθέντα
1110 3340 1223 3419 Δῆλος

220 3435 376 3519 ἐκινήθη,
408 3437 453 3513 ὡς
480 3440 594 3519 ἔλεγον
621 3439 758 3517 Δήλιοι,
789 3435 844 3501 καὶ
875 3449 987 3518 πρῶτα
1017 3436 1071 3502 καί
1098 3439 1223 3506 ύστατα
