2572 3980
182 244 225 310 28
594 241 782 298 Ηεεοοοτι

182 385 237 452 καλ
257 387 299 469 δὴ
318 383 403 470 λέγω
423 389 579 465 σταδίους
597 383 779 464 εἶναιτοὺς
797 385 921 462 πάντας
939 382 1002 450 άπὸ
1018 384 1194 466 θαλάσσης

182 502 240 576 τῆς
262 489 453 578 Ἑλληνικῆς
476 492 570 578 μέχρι
594 495 738 559 Σούσων
768 489 880 575 (τοῦτο
909 492 972 575 γάρ
995 491 1196 573 Μεμνόνιον

183 599 265 664 άστυ
294 598 456 682 καλέεται)
478 598 722 682 ,τεσσεράκοντα
749 595 804 662 καὶ
831 597 1110 682 τετρακισχιλίους
1137 593 1195 659 καλ
1273 605 1274 608 ’

183 706 335 788 μυρίους·
362 705 398 770 οί
421 707 483 790 γάρ
512 704 545 782 ἐξ
569 701 711 787 Ἐφέσου
740 702 773 780 ές
795 702 922 788 Σάρδις
949 698 1012 766 εἰσὶ
1040 701 1194 786 τεσσερά-

184 832 284 874 κοντα
304 807 359 874 καὶ
375 812 586 876 πεντακόσιοι
604 810 744 891 στάδιοι,
767 805 822 872 καὶ
841 807 928 872 ούτω
945 804 1034 892 τρισὶ
1051 805 1195 892 ἡμέρῃσι

184 915 362 999 μηκύνεται
384 916 405 999 ἡ
427 920 585 1001 τρίμηνος
608 915 695 991 ὁδός.

132 1035 165 1086 ⁶5
268 1018 547 1106 Ἀπελαυνόμενος
567 1017 604 1086 δὲ
622 1019 640 1085 δ
657 1018 891 1106 Ἀρισταγόρης
909 1017 945 1085 ἐκ
963 1027 1022 1102 τῆς
1037 1005 1197 1102 Σπάρτης

184 1127 235 1210 ἤιε
253 1126 287 1203 ἐς
306 1129 362 1204 τάς
377 1125 521 1209 Ἀθήνας
538 1124 720 1210 γενομένας
735 1127 910 1212 τυράννων
925 1119 990 1191 ὧδε
1005 1122 1194 1206 ἐλευθέρας.

185 1230 254 1296 ἐπεὶ
269 1231 449 1316 Ἵππαρχον
467 1233 527 1296 τὸν
537 1232 788 1316 Πεισιστράτου,
803 1229 934 1296 Ἱππίεω
950 1227 987 1296 δὲ
1000 1239 1060 1295 τοῦ
1073 1231 1196 1316 τυράν-

184 1361 247 1402 νου
270 1338 449 1421 άδελφεόν,
475 1338 590 1402 ἰδόντα
612 1339 692 1414 ὅφιν
716 1336 875 1402 ἐνυπνίου
902 1339 961 1424 [τῷ
985 1334 1112 1401 ἑωυτοῦ
1135 1337 1196 1401 πά-

184 1446 258 1524 θεϊ]
282 1442 522 1526 ἐναργεστάτην
544 1445 711 1508 κτείνουσι
731 1440 981 1527 Ἀριστογείτων
1003 1439 1059 1508 καὶ
1077 1439 1195 1526 Ἀρμό-
1279 1468 1280 1560 χ

186 1550 267 1630 διος,
291 1545 387 1630 γένος
410 1546 520 1624 ἐόντες
536 1549 576 1612 τά
595 1546 760 1612 ἀνέκαθεν
778 1550 972 1633 Γεφυραῖοι,
994 1549 1073 1632 μετὰ
1090 1557 1196 1614 ταῦτα
1279 1567 1280 1590 ³

185 1653 445 1738 ἐτυραννεύοντο
461 1646 633 1736 Ἀθηναῖοι
651 1651 701 1720 ἐπ’
724 1656 796 1719 ἔτεα
813 1652 951 1738 τέσσερα
970 1650 1071 1718 οὐδὲν
1088 1648 1197 1737 ἧσσον

133 1778 166 1827 56
185 1759 267 1824 άλλά
298 1756 353 1823 καὶ
384 1762 509 1842 μᾶλλον
539 1758 560 1842 ἢ
593 1761 656 1844 πρὸ
683 1769 752 1825 τοῦ.
798 1758 818 1842 ἡ
846 1757 907 1843 μέν
936 1783 1001 1824 νυν
1029 1761 1106 1836 ὄψις
1134 1770 1197 1825 τοῦ
1280 1745 1281 1766 ³

181 1862 359 1950 Ἱππάρχου
382 1863 543 1930 ἐνυπνίου
566 1859 608 1948 ἦν
630 1866 699 1948 ἥδε.
740 1864 777 1930 ἐν
794 1873 834 1949 τῇ
852 1863 994 1949 προτέρη
1013 1862 1109 1929 νυκτὶ
1127 1877 1196 1932 τῶν

186 1973 438 2054 Παναθηναίων
462 1970 572 2036 ἐδόκεε
596 1969 613 2036 ὁ
632 1969 809 2055 Ἵππαρχος
831 1971 938 2052 άνδρα
962 1970 998 2034 οδ
1018 1968 1197 2037 ἐπιστάντα

185 2099 288 2161 μεγαν
315 2074 369 2142 καὶ
392 2075 520 2142 εὐειδέα
543 2078 754 2142 αἰνίσσεσθαι
777 2076 855 2141 τάδε
877 2077 917 2140 τά
941 2078 1033 2142 ἔπεα·

277 2187 383 2267 Τληθι
405 2181 491 2248 λέων
514 2183 637 2265 άτλητα
659 2183 779 2246 παθὼν
802 2183 949 2265 τετληότι
971 2187 1084 2270 θυμῷ·

275 2285 394 2363 Οὐδεὶς
417 2287 605 2370 ἀνθρώπων
628 2287 752 2351 ἀδικῶν
775 2290 862 2353 τίσιν
886 2287 949 2352 οὐκ
972 2287 1129 2353 ἀποτίσει.

185 2399 287 2456 ταῦτα
305 2391 353 2473 δέ,
372 2391 416 2467 ὡς
433 2390 536 2476 ἡμέρη
556 2390 685 2474 ἐγένετο
703 2391 847 2476 τάχιστα,
871 2395 1016 2476 φανερὸς
1033 2388 1075 2476 ἦν
1093 2393 1196 2481 ύπερ-

186 2495 359 2581 τιθέμενος
374 2495 631 2580 ὀνειροπόλοισι·
650 2498 729 2580 μετά
748 2493 785 2562 δὲ
803 2497 1022 2582 ἀπειπάμενος
1039 2500 1100 2582 τὴν
1114 2502 1197 2578 όψιν

187 2606 306 2688 ἔπεμπε
328 2602 389 2684 τὴν
412 2604 561 2684 πομπην,
585 2601 621 2667 έν
643 2611 683 2687 τῇ
707 2603 748 2686 δη
771 2607 917 2689 τελευτᾷ.

135 2727 167 2776 57
276 2708 320 2773 Οί
341 2702 377 2771 δέ
400 2709 432 2771 Γ
429 2717 594 2790 εφυραῑοι,
618 2719 685 2772 τῶν
708 2703 793 2791 ἦσαν
817 2707 852 2774 οἱ
872 2707 991 2792 φονέες
1011 2709 1047 2776 οί
1060 2705 1196 2796 Ἱππάρ-

186 2837 265 2899 χου,
295 2812 338 2889 ὡς
366 2810 427 2897 μὲν
455 2810 550 2876 αὐτοὶ
572 2811 723 2897 λέγουσι,
752 2814 949 2897 ἐγεγόνεσαν
977 2813 1010 2892 ἐξ
1030 2809 1198 2902 Ἐρετρίης

186 2920 248 3003 τὴν
266 2918 381 3004 άρχην,
401 2917 445 2996 ὡς
464 2914 500 2984 δὲ
520 2918 583 3002 ἐγὼ
603 2919 922 3004 ἀναπυνθανόμενος
940 2919 1090 3003 εὑρίσκω,
1109 2917 1197 3005 ἦσαν

191 3028 344 3102 Φοίνικες
361 3037 428 3090 τῶν
448 3027 511 3090 σὺν
525 3025 650 3112 Κάδμφ
670 3024 879 3110 ἀπικομένων
899 3029 1068 3092 Φοινίκων
1085 3027 1119 3104 ἐς
1132 3038 1197 3113 γῆν

187 3131 248 3214 την
274 3138 338 3195 νῦν
363 3133 527 3212 Βοιωτίην
555 3131 773 3216 καλεομένην,
805 3137 913 3196 οίκεου
942 3128 979 3197 δέ
1004 3142 1061 3216 τῆς
1088 3135 1197 3220 χώρης

187 3237 308 3319 ταύτης
326 3235 545 3320 ἀπολαχόντες
562 3237 624 3318 τὴν
646 3237 855 3322 Ταναγρικὴν
874 3249 1003 3322 μοῖραν.
1038 3238 1198 3306 ἐνθεῦτεν

190 3338 227 3408 δὲ
250 3341 427 3423 Καδμείων
450 3343 613 3425 πρότερον
636 3341 883 3419 ἐξαναστάντων
906 3340 961 3408 ὑπ’
985 3340 1142 3429 Ἀργείων
1165 3347 1201 3412 os

189 3449 374 3526 Γεφυραῖοι
407 3439 499 3510 οὗτοι
527 3447 665 3525 δεύτερα
692 3446 756 3512 ὑπὸ
779 3451 935 3513 Βοιωτῶν
963 3448 1199 3528 ἐξαναστάντες
