2678 3968
429 215 496 270 ΜΒ.
511 215 556 270 ΙΧ,
594 215 671 270 cAP.
693 224 812 271 ιε-ιο,
1057 219 1124 283 329

120 360 195 424 ούτι
224 361 305 424 κατὰ
332 361 430 443 ἔχθος
457 359 565 424 αὐτῶν
593 357 664 424 ἀλλ’
695 357 750 425 ὑπ’
781 361 959 445 ἀναγκαίης
981 363 1125 446 μεγάλης

123 465 317 550 [ἐχόμενος],
340 468 542 549 βουλόμενος
565 465 669 550 ἔρυμά·
687 489 722 530 τε
739 474 783 554 τῷ
804 466 1011 556 στρατοπέδῳ
1029 471 1124 552 ποιή-

122 577 262 654 σασθαι,
292 569 346 636 καὶ
372 571 414 655 ἣν
442 575 641 656 συμβαλόντι
672 573 707 636 οί
731 573 774 656 μὴ
799 572 932 658 ἐκβαίνῃ
957 572 1070 639 ὁκοῖόν
1091 598 1126 639 τι

123 677 245 760 ἐθέλοι,
268 680 499 763 κρησφύγετον
518 687 616 742 τοῦτο
635 678 787 744 ἐποιέετο.
823 688 948 763 παρῆκε
967 675 1003 744 δέ
1022 680 1126 746 αὐτοῦ

122 786 160 850 τὸ
179 785 402 868 στρατόπεδον
420 783 603 869 ἀρξάμενον
621 784 684 850 άπὸ
699 779 890 869 Ἐρυθρέων
904 786 991 869 παρά
1003 781 1126 868 Ὑσιάς,

122 888 286 956 κατέτεινε
313 887 350 955 δὲ
380 890 413 967 ἐς
438 891 500 974 τὴν
523 892 707 955 Πλαταιίδα
729 899 808 974 γῆν,
836 892 924 976 παρὰ
946 893 1005 955 τὸν
1026 887 1126 956 Ἀσω-

122 999 188 1063 πὸν
210 997 358 1080 ποταμὸν
380 995 586 1080 τεταγμένον.
629 997 670 1062 ού
692 995 864 1078 μέντοιτί
887 1021 924 1080 γε
946 1007 1052 1081 τεῖχος
1073 1021 1127 1062 το-

123 1112 224 1168 σοῦτο
248 1102 401 1194 ἐποιέετο,
424 1099 495 1166 ἀλλ’
522 1102 566 1179 ὡς
584 1100 637 1168 ἐπὶ
656 1101 734 1168 δέκα
754 1104 911 1179 σταδίους
929 1102 1067 1187 μάλιστά
1085 1127 1127 1188 κῃ

124 1209 275 1294 μέτωπον
298 1207 445 1274 ἕκαστον.

209 1313 371 1399 Ἐχόντων
405 1310 442 1379 δὲ
472 1316 532 1380 τὸν
564 1316 670 1379 πόνον
702 1323 820 1380 τοῦτον
849 1325 916 1380 τῶν
948 1315 1129 1400 βαρβάρων

121 1421 308 1504 Ἀτταγῖνος
338 1421 355 1486 ὁ
388 1421 569 1505 Φρύνωνος
596 1421 680 1504 ἀνὴρ
710 1424 854 1504 Θηβαῖος
880 1423 1127 1505 παρασκευασά-

125 1551 224 1612 μενος
247 1527 393 1612 μεγάλως
415 1526 525 1592 ἐκάλεε
548 1524 600 1592 ἐπὶ
624 1526 726 1605 ξείνια
749 1526 851 1591 αὐτόν
873 1550 908 1592 τε
929 1529 1128 1612 Μαρδόνιον

125 1632 180 1700 καὶ
194 1636 395 1717 πεντήκοντα
409 1631 567 1718 Περσέων
584 1635 662 1709 τοὺς
678 1633 931 1716 λογιμωτάτους,
950 1634 1129 1716 κληθέντες

127 1738 164 1805 δὲ
197 1736 289 1805 οὗτοι
319 1740 459 1804 εἵποντο.
503 1733 546 1822 ἦν
575 1736 611 1803 δέ
639 1739 675 1803 τὸ
704 1740 840 1804 δεῖπνον
866 1739 1064 1822 ποιεύμενον
1092 1739 1128 1804 ἐν

127 1850 264 1932 Θήβῃσι.
299 1847 377 1910 τάδε
400 1842 437 1910 δέ
459 1846 522 1928 ἤδη
541 1845 581 1908 τά
600 1843 751 1908 ἐπίλοιπα
769 1845 894 1927 ἤκουον
913 1844 1127 1929 Θερσάνδρου
1148 1864 1183 1911 ιο

17 2027 19 2038 y
128 1954 250 2038 ἀνδρὸς
277 1948 337 2036 μὲν
361 1950 588 2036 Ὀρχομενίου,
618 1953 758 2032 λογίμου
781 1946 819 2014 δὲ
841 1949 874 2025 ἐς
896 1951 936 2013 τά
957 1961 1069 2034 πρῶτα
1092 1949 1129 2014 έν

125 2056 315 2146 Ὀρχομενῷ.
352 2061 414 2142 ἔφη
439 2054 476 2122 δὲ
499 2056 517 2122 δ
536 2055 746 2139 Θέρσανδρος
767 2059 933 2138 κληθῆναι
955 2053 1009 2120 καὶ
1032 2055 1130 2130 αὐτὸς

129 2165 193 2230 ὑπὸ
213 2161 403 2246 Ἀτταγίνου
427 2159 479 2226 ἐπὶ
497 2161 534 2224 τὸ
554 2161 690 2224 δείπνου
707 2169 816 2242 τοῦτο,
836 2163 1002 2244 κληθῆναι
1021 2156 1057 2224 δέ
1075 2159 1130 2225 καὶ
1196 2165 1201 2169 ’

130 2273 285 2353 Θηβαίων
308 2270 432 2353 άνδρας
449 2269 660 2349 πεντήκοντα,
679 2268 737 2330 καί
752 2283 864 2348 σφεων
883 2266 924 2331 ού
941 2263 1041 2352 χωρὶς
1059 2265 1131 2332 έκα-

129 2376 245 2462 τέρους
266 2381 385 2456 κλίναι,
410 2373 491 2438 άλλδι
514 2371 650 2458 Πέρσην
672 2395 706 2437 τε
729 2370 784 2437 καί
805 2375 952 2456 Θηβαίου
975 2373 1012 2438 ἐν
1034 2377 1130 2458 κλίνῃ

131 2481 256 2566 ἑκάστῃ.
303 2481 347 2556 ὡς
374 2475 410 2544 δὲ
440 2478 503 2543 άπὸ
532 2479 669 2544 δείπνου
695 2474 795 2562 ἦσαν,
824 2479 1045 2544 διαπινόντων
1072 2481 1133 2544 τὸν

131 2586 266 2672 Πέρσῃν
295 2587 354 2650 τὸν
382 2584 559 2668 ὁμόκλινον
587 2584 724 2650 Ἑλλάδα
751 2589 906 2666 γλῶσσαν
934 2584 1023 2648 ίέντα
1050 2583 1131 2669 εἰρέ-

131 2699 214 2759 σθαι
236 2692 338 2757 αὐτὸν
360 2690 527 2767 ὁποδαπός
550 2691 628 2773 ἐστι,
653 2690 750 2766 αὐτὸς
769 2685 805 2754 δὲ
824 2689 1069 2774 ὑποκρίνασθαι
1088 2690 1133 2764 ὡς

131 2805 181 2883 είῃ
201 2795 415 2884 Ὀρχομένιος.
451 2797 510 2860 τὸν
534 2793 570 2861 δέ
589 2798 707 2860 εἰπεῖν·
726 2788 815 2858 Ἐπεὶ
832 2801 896 2857 νῦν
916 2792 1134 2877 ὁμοτράπεζός

130 2905 168 2970 τέ
188 2929 245 2990 μοι
266 2901 321 2968 καὶ
345 2903 552 2988 ὁμόσπονδος
575 2899 697 2984 ἐγένεο,
720 2897 915 2984 μυῃμόσυνά
932 2921 984 2962 τοι
1001 2898 1135 2981 γνώμης

131 3020 188 3095 τῆς
211 3011 288 3095 ἐμῆς
310 3006 548 3074 καταλιπέσθαι
570 3005 675 3089 θέλω,
699 3005 753 3070 ἵνα
775 3001 829 3068 καὶ
852 3003 1012 3088 προειδὼς
1035 3001 1135 3079 αὐτὸς

131 3115 206 3201 περὶ
229 3125 376 3182 σεωυτοῦ
398 3114 619 3198 βουλεύεσθαι
642 3115 717 3196 ἐχῃς
738 3111 778 3174 τά
796 3107 1017 3194 συμφέροντα.
1054 3107 1136 3194 δρᾷς

133 3224 272 3299 τούτους
302 3224 380 3298 τοὺς
413 3217 632 3303 δαινυμένους
661 3216 794 3303 Πέρσας
821 3213 875 3280 καὶ
907 3215 966 3278 τὸν
993 3215 1135 3300 στρατὸν

132 3331 192 3393 τὸν
211 3327 364 3413 ἐλίπομεν
383 3325 435 3393 ἐπὶ
453 3334 498 3414 τῷ
517 3331 651 3411 ποταμῷ
671 3323 1026 3408 στρατοπεδευόμενον;
1059 3321 1136 3386 τού·

133 3458 201 3500 των
232 3435 365 3499 πάντων
396 3435 491 3509 όγεαι
523 3430 638 3512 ὀλίγου
669 3430 759 3505 τινὸς
789 3430 913 3514 χρόνου
941 3428 1136 3502 διελθόντος
