2572 3980
187 251 209 312 4
594 247 783 306 ειεαοοονι

187 395 266 470 τοὺς
294 391 331 458 δὲ
358 394 477 470 ἵππους
505 392 625 482 αὐτῶνΙ
642 390 727 460 εἶναι
754 396 889 471 λασίους
915 394 1002 458 άπαν
1025 394 1062 458 τὸ
1086 404 1192 478 σῶμα,
1273 404 1274 470 λ

188 496 240 563 ἐπὶ
262 497 358 563 πέντε
382 499 564 576 δακτύλους
585 501 622 565 τὸ
647 499 752 582 βάθος
779 510 846 564 τῶν
867 509 1004 585 τριχῶν,
1032 503 1192 585 σμικροὺς
1273 507 1274 538 ·

189 602 226 668 δὲ
252 601 307 668 καὶ
330 608 447 688 σιμοὺς
468 602 523 670 καὶ
546 605 731 682 ἀδυνάτους
753 606 879 690 ἀνδρας·
898 604 1029 690 φέρειν,
1058 609 1191 688 ζευγνυ-
1273 618 1274 623 ’

188 709 309 795 μένους
333 709 369 776 δὲ
391 707 446 776 ὑπ’
473 712 600 797 ἀρματα
618 705 704 778 εἶναι
722 709 911 794 ὀξυτάτους·
935 709 1191 796 ἁρματηλατέειν

189 816 226 882 δέ
252 817 334 902 πρὸς
360 825 461 881 ταῦτα
487 819 567 894 τοὺς
590 816 791 901 ἐπιχωρίους.
828 819 979 899 κατήκειν
1003 815 1041 882 δὲ
1061 818 1191 882 τούτων

187 925 265 1000 τοὺς
293 923 415 1008 οὔρους
437 923 541 1007 ἀγχοῦ
565 919 704 987 Ἐνετῶν
726 933 793 988 τῶν
817 921 853 987 ἐν
875 930 914 1006 τῇ
938 917 1059 1008 Ἀδρίη.
1104 917 1192 987 εἶναι

189 1025 226 1094 δέ
254 1031 384 1112 Μήδων
417 1028 520 1112 σφέας
551 1027 709 1105 ἀποίκους
735 1026 885 1112 λέγουσι·
917 1029 1001 1104 ὅπως
1033 1025 1070 1093 δέ
1098 1023 1191 1094 οὗτοι
1238 1030 1240 1034 ’

188 1135 319 1217 Μήδων
342 1135 473 1200 ἀποικοι
495 1136 661 1217 γεγόνασι,
686 1133 749 1217 ἐγὼ
770 1131 830 1218 μὲν
849 1134 911 1199 ούκ
928 1135 990 1218 ἔχω
1009 1133 1191 1219 ἐπιφράσα-

187 1247 281 1323 σθαι,
298 1239 428 1323 γένοιτο
448 1237 479 1305 δ’
501 1239 543 1306 ἀν
560 1249 625 1305 πᾶν
640 1240 735 1328 ἐντῷ
750 1248 862 1327 μακρῷ
877 1243 994 1328 χρόνῳ.
1031 1241 1192 1322 σιγύννας

189 1346 225 1411 δ’
245 1341 292 1412 ὧν
310 1344 466 1411 καλέουσι
480 1348 602 1428 Λίγυες
620 1345 655 1410 οί
668 1346 738 1410 ἀνω
753 1343 835 1431 ὑπὲρ
851 1348 1046 1429 Μασσαλίης
1065 1345 1191 1410 οἰκίον-

137 1462 169 1510 10
188 1476 240 1530 τες
270 1454 349 1529 τοὺς
379 1454 560 1534 καπήλους,
592 1451 738 1534 Κύπριοι
770 1449 806 1516 δὲ
836 1453 876 1516 τά
904 1453 1041 1536 δόρατα.
1081 1452 1126 1527 ώς
1154 1449 1192 1516 δὲ

190 1561 328 1643 Θρήικες
359 1556 508 1640 λέγουσι,
540 1555 690 1640 μέλισσαι
721 1555 894 1640 κατέχουσι
924 1559 964 1622 τά
994 1555 1098 1642 πέρην
1130 1566 1192 1621 τοῦ

178 1663 327 1750 Ἴστρον,
355 1659 409 1726 καὶ
436 1661 500 1726 ὑπὸ
525 1662 653 1728 τούτων
675 1661 742 1734 Ιοὐκ
768 1656 854 1727 εἶναι
877 1663 1024 1727 διελθεῖν
1045 1664 1083 1727 τὸ
1110 1684 1190 1748 προ-

188 1768 329 1855 σωτέρω.
367 1765 437 1852 ἐμοὶ
461 1767 521 1853 μέν
540 1792 604 1834 νυν
621 1777 723 1834 ταῦτα
742 1767 892 1850 λέγοντες
911 1767 1065 1834 δοκέουσι
1082 1768 1190 1851 λέγειν

189 1877 251 1943 οὐκ
269 1877 392 1940 οίκότα·
414 1876 454 1939 τὰ
471 1875 535 1959 γάρ
554 1878 618 1962 ζρία
640 1884 742 1940 ταῦτα
761 1877 913 1958 φαίνεται
931 1868 1016 1939 εἶναι
1035 1874 1190 1959 δύσριγα·

188 1981 270 2049 ἀλλά
292 2005 346 2065 μοχ
370 1981 409 2045 τά
432 1980 496 2046 ὑπὸ
519 1981 579 2063 τήν
602 1980 723 2064 ἀρκτον
745 1978 880 2062 ἀοίκητα
907 1977 1013 2044 δοκέει
1031 1973 1117 2044 εἶναι
1136 1981 1192 2046 διὰ

187 2092 227 2155 τά
259 2089 372 2173 ψύχεα.
418 2095 519 2152 ταῦτα
550 2086 611 2170 μέν
644 2110 707 2151 νυν
743 2094 799 2168 τῆς
827 2086 935 2169 χώρης
965 2086 1084 2168 ταύτης
1115 2085 1192 2171 πέρι

189 2193 331 2278 λέγεται,
364 2195 403 2258 τά
433 2191 688 2286 παραθαλάσσια
721 2186 752 2254 δ’
787 2185 834 2256 ὧν
867 2191 966 2274 αὐτῆς
999 2191 1192 2274 Μεγάβαζος

190 2299 348 2382 Περσέων
371 2301 513 2381 κατήκοα
537 2298 650 2362 ε’ποίεε.

138 2415 168 2462 11
277 2409 420 2488 Δαρεῖος
445 2400 482 2466 δὲ
505 2401 549 2476 ώς
572 2401 688 2482 διαβάς
710 2401 843 2485 τάχιστα
866 2403 924 2468 τὸν
945 2398 1192 2487 Ἑλλήσποντον

189 2508 382 2583 ἀπίαετοές
404 2507 545 2590 Σάρδις,
574 2504 724 2589 ἐμνήσθη
752 2515 809 2590 τῆς
836 2506 868 2586 ἐξ
891 2505 1046 2574 Ἱστιαίου
1069 2534 1104 2575 τε
1132 2521 1191 2576 τοῦ

188 2616 359 2696 Μιλησίου
387 2612 573 2697 εὐεργεσίης
602 2611 656 2675 καί
683 2621 738 2694 τῆς
765 2612 975 2697 παραινέσιος
1001 2623 1061 2679 τοῦ
1083 2621 1192 2681 Μυτι·

189 2723 330 2805 ληναίου
352 2719 472 2802 Κώεω,
500 2719 790 2803 μεταπεμψάμενος
817 2717 856 2784 δέ
881 2736 984 2802 σφεας
1010 2719 1043 2796 ές
1065 2722 1193 2806 Σάρδις

190 2827 304 2893 ἐδίδου
323 2825 449 2890 αὐτοῖσι
469 2825 604 2908 αἵρεσιν.
642 2825 659 2890 ὁ
679 2823 739 2910 μὲν
759 2826 799 2908 δή
818 2822 979 2910 Ἱστιαῖος,
998 2827 1054 2891 ἀτε
1070 2850 1192 2913 τυραν-

189 2934 298 3000 νεύων
325 2940 382 3014 τῆς
404 2933 572 3013 Μιλήτου,
599 2933 798 3015 τυραννίδος
825 2928 885 3014 μὲν
912 2933 1068 3016 οὐδεμιῆς
1090 2952 1192 3019 προσ·

92 3035 96 3042 ’
189 3041 325 3122 εχρήιζε,
348 3034 447 3101 αἰτέει
469 3033 505 3100 δὲ
523 3036 700 3122 Μύρκινον
718 3038 778 3120 τήν
798 3034 966 3119 Ἠδωνῶν,
989 3041 1193 3122 βουλόμενος

190 3143 227 3207 ἐν
250 3142 332 3224 αὐτῇ
354 3131 451 3206 πόλιν
474 3144 589 3206 κτίσαι.
631 3137 727 3218 οὗτος
749 3139 809 3226 μὲν
833 3143 874 3224 δή
897 3144 1019 3226 ταύτην
1038 3144 1191 3230 αίρέεται,

190 3248 208 3313 ὁ
230 3245 266 3311 δὲ
285 3246 393 3328 Κώης,
417 3238 470 3311 οἷά
487 3269 522 3312 τε
541 3247 582 3312 οὐ
599 3249 762 3330 τύραννος
780 3249 924 3330 δημότης
941 3271 975 3314 τε
994 3248 1068 3332 ἐών,
1092 3253 1192 3319 αἰτέει

193 3353 387 3434 Μυτιλήνης
409 3361 637 3435 τυραννεῦσαι.
673 3353 902 3418 τελεωθέντων
922 3353 959 3418 δὲ
977 3354 1193 3442 ἀμφοτέροισι

141 3474 171 3522 12
191 3453 284 3524 οὗτοι
298 3454 359 3542 μὲν
373 3459 452 3524 κατὰ
465 3459 592 3524 εἵλοντο
604 3457 794 3543 ἐτράποντο,
808 3465 954 3542 Δαρεῖον
969 3460 1006 3526 δὲ
1019 3467 1191 3546 συνήνεικε
