2640 3960
416 239 482 293 οΙΒ.
497 239 545 294 VI.
582 238 659 294 οΑΡ.
680 245 835 296 τοι-τοο.
1064 241 1127 304 117

120 389 225 466 θήσαι
256 379 311 450 καὶ
343 385 386 468 μὴ
414 385 576 467 περιιδεῖν
602 386 700 449 πόλιν
729 383 947 469 ἀρχαιοτάτην
974 385 1011 452 ἐν
1041 396 1129 452 τοῖσι

123 487 260 574 Ἕλλησι
288 491 477 576 δουλοσύνῃ
505 499 749 575 περιπεσοῦσαν
779 492 861 573 πρὸς
888 491 1022 578 ἀνδρῶν
1048 495 1128 579 βαρ-

120 595 248 680 βάρων·
284 593 339 661 καὶ
365 598 429 681 γὰρ
456 605 521 662 νῦν
545 593 692 682 Ἐρέτριά
722 619 757 661 τε
786 595 1047 680 ἠνδραπόδισται
1073 596 1128 664 καὶ

120 704 198 767 πόλι
220 704 345 791 λοχίμςο
368 700 525 786 ήἙλλάς
546 701 664 798 γέγονε
686 701 918 788 ἀσθενεστέρη.
961 703 979 769 6
1003 700 1063 788 μὲν
1086 705 1128 788 δή

121 825 182 892 σφι
204 809 245 874 τά
265 807 482 892 ἐντεταλμένα
501 807 693 893 ἀπήγγελλε,
716 819 802 874 τοῖσι
822 805 859 875 δέ
877 807 953 875 ἕαδε
971 805 1032 894 μὲν
1051 813 1128 894 βοη·

120 913 215 980 θέειν
235 912 458 997 Ἀθηναίοισι,
486 914 634 980 ἀδύνατα
661 914 700 980 δέ
721 930 782 999 σφι
810 910 853 999 ήν
879 916 917 980 τὸ
944 919 1129 1000 παραυτίκα

120 1018 245 1086 ποιέειν
272 1030 375 1086 ταῦτα
405 1021 447 1085 οὐ
474 1020 709 1105 βουλομένοισι
737 1021 830 1086 λύειν
852 1022 912 1086 τὸν
934 1023 1052 1106 νόμον·
1085 1017 1129 1104 ήν

121 1127 184 1212 γάρ
213 1112 391 1212 ἱσταμένου
417 1133 479 1193 τοῦ
505 1127 609 1212 μηνὸς
636 1127 763 1211 εἰνάτη,
793 1127 905 1212 εἰνάτη
933 1123 971 1192 δέ
993 1126 1054 1194 οὐκ
1081 1127 1129 1208 ἐξ·

123 1233 318 1298 ελεύσεσθοιι
341 1235 470 1316 ἔφασαν
493 1233 536 1315 μή
556 1233 597 1297 οὐ
619 1235 761 1319 πλήρεος
784 1233 897 1309 ἐόντος
916 1241 978 1298 τοῦ
995 1229 1128 1317 κύκλου.

122 1334 215 1402 οὗτοι
238 1337 299 1421 μέν
321 1363 387 1403 νυν
409 1339 470 1422 τήν
493 1337 703 1422 πανσέληνον
726 1341 854 1423 ἔμενον,
878 1335 1020 1404 τοῖσιδε
1040 1342 1179 1425 βαρ-ιον

123 1445 254 1534 βάροισι
275 1442 450 1527 κατηγέετο
468 1441 596 1528 Ἱππίης
618 1444 636 1510 6
660 1445 902 1529 Πεισιστράτου
925 1445 959 1522 ἐς
975 1446 1035 1511 τὸν
1052 1450 1128 1511 Μα-

121 1557 276 1636 ραθῶνα,
304 1559 362 1634 τής
388 1549 631 1634 παροιχομένης
657 1551 777 1628 νυκτὸς
800 1552 879 1629 ὀψιν
903 1551 986 1617 ίδὼν
1009 1552 1060 1634 [ἐν
1081 1561 1127 1640 τῷ

120 1657 230 1744 ὕπνῳ]
257 1657 403 1740 τοιήνδε·
436 1655 546 1722 ἐδόκεε
569 1655 587 1723 6
610 1652 737 1740 Ἱππίης
758 1665 797 1741 τή
820 1654 918 1742 μητρὶ
940 1665 979 1742 τή
1002 1656 1129 1724 ἑωυτοῦ

121 1769 379 1848 συνευνηθῆναι.
425 1763 624 1845 συνεβάλετο
655 1757 702 1827 ὧν
733 1762 770 1828 ἐκ
800 1771 861 1828 τοῦ
894 1763 1026 1848 ὀνείρου
1053 1787 1128 1830 κατ·

0 1943 1 1946 ,
122 1870 234 1936 ελθὼν
261 1868 295 1946 ἐς
321 1871 378 1945 τάς
402 1866 545 1952 Ἀθήνας
571 1866 626 1933 καὶ
653 1868 909 1952 ἀνασωσάμενος
934 1870 995 1952 τήν
1023 1869 1127 1954 ἀρχήν

119 1978 327 2058 τελευτήσειν
346 1973 383 2041 ἐν
396 1982 435 2058 τή
455 1973 581 2040 ἑωυτοῦ
598 1977 744 2058 γηραιός.
773 1973 808 2039 ἐκ
826 1971 887 2058 μὲν
906 1976 947 2058 δή
960 1984 1018 2059 τής
1032 1977 1128 2054 ὀψιος

121 2081 320 2165 συνεβάλετο
342 2089 457 2164 ταῦτα,
479 2083 552 2145 τότε
576 2076 613 2144 δὲ
635 2082 874 2164 κατηγεόμενος
890 2089 989 2146 τοῦτο
1008 2077 1070 2166 μὲν
1087 2083 1128 2148 τὰ

121 2187 315 2274 ἀνδράποδα
336 2187 377 2252 τά
396 2185 432 2264 ’ἐξ
452 2180 617 2272 Ἐρετρίης
639 2184 782 2270 ἀπέβησε
805 2186 838 2263 ἐς
859 2187 920 2270 τήν
942 2194 1047 2270 νήσου
1065 2187 1126 2271 τὴν

120 2292 292 2379 Στυρέων,
313 2291 518 2376 καλεομένην
541 2288 578 2358 δέ
601 2295 785 2375 Αίγίλειαν,
808 2301 906 2357 τοῦτο
930 2289 968 2359 δὲ
989 2315 1127 2376 καταγο-

120 2401 222 2486 μένας
250 2399 283 2477 ἐς
310 2400 370 2465 τὸν
392 2402 592 2484 Μαραθῶνα
619 2399 677 2474 τὰς
702 2397 781 2476 νέας
804 2399 914 2484 ὅρμιζε
937 2393 1049 2482 οὗτος,
1077 2399 1127 2465 ἐ-

120 2508 243 2592 βάντας
269 2528 304 2572 τε
332 2505 366 2581 ές
391 2513 455 2589 χήν
481 2507 560 2581 τοὺς
587 2503 777 2590 βαρβάρους
810 2504 967 2570 διέτασσε.
1012 2507 1071 2569 καί
1084 2503 1130 2600 ὀί

120 2623 222 2680 ταῦτα
251 2610 399 2678 διέποντι
428 2610 552 2693 ἐπήλθε
575 2621 711 2690 πταρεῖν
733 2634 768 2676 τε
790 2609 845 2676 καὶ
867 2610 963 2695 βῆξαι
985 2613 1126 2695 μεζόνως

119 2720 140 2806 ή
164 2721 210 2798 ὡς
232 2719 349 2784 ἐώθεε·
373 2708 427 2783 οἶα
450 2715 490 2782 δέ
506 2717 542 2782 οί
556 2716 766 2804 πρεσβυτέρῳ
786 2717 874 2782 ἐόντι
891 2727 959 2781 τῶν
978 2715 1126 2780 ὀδόντων

121 2827 155 2892 oc
179 2830 319 2901 πλεῦνες
351 2823 506 2889 ἐσείοντο.
550 2823 678 2887 τούτων
710 2817 758 2888 ὦν
790 2821 849 2888 ἕνα
880 2833 947 2887 τῶν
979 2820 1127 2886 ὀδόντων
1205 2822 1206 2826 ’

121 2932 271 3016 ἐκβάλλει
289 2929 354 2996 ὑπὸ
373 2931 447 3013 βίης
465 2928 578 3011 βήξας·
597 2927 791 3004 ἐκπεσόντος
810 2925 847 2992 δὲ
865 2927 898 3003 ἐς
915 2927 976 3010 τήν
992 2926 1128 3011 ψάμμον

122 3039 227 3104 αὐτοῦ
250 3035 394 3102 ἐποιέετο
418 3035 569 3116 σπουδήν
591 3035 717 3117 πολλὴν
741 3032 894 3118 ἐξευρεῖν.
940 3031 984 3108 ὡς
1007 3027 1044 3097 δὲ
1067 3031 1128 3096 οὐκ
1254 3113 1258 3120 ¹

122 3145 278 3228 ἐφαίνετό
297 3142 332 3208 oc
347 3141 366 3208 6
385 3141 485 3223 ὀδών,
505 3138 725 3216 ἀναστενάξας
743 3133 812 3203 είπε
830 3139 912 3222 πρὸς
929 3140 1008 3214 τοὺς
1025 3159 1128 3224 παρα-

120 3251 251 3326 στάτας·
270 3245 317 3312 Ἡ
334 3257 377 3331 μή
400 3247 460 3330 ήδε
484 3247 545 3311 οὐκ
567 3245 706 3330 ἡμετέρη
727 3241 795 3310 ἐστὶ
814 3242 895 3310 οὐδέ
911 3267 968 3328 μιν
987 3244 1128 3328 δυνησό-

121 3363 211 3441 μεθα
233 3355 426 3438 ὑποχειρίην
449 3355 669 3436 ποιήσασθαι·
693 3350 815 3416 ὁκόσον
838 3349 876 3415 δέ
897 3353 933 3415 τί
952 3373 1008 3436 μοι
1030 3349 1129 3436 μέρος

120 3471 240 3547 μετῆν,
273 3459 291 3525 6
320 3459 410 3524 ὀδὼν
437 3457 570 3541 μετέχει.
610 3453 738 3540 Ἱππίης
769 3451 829 3540 μὲν
862 3456 903 3540 δή
930 3457 1032 3543 ταότη
1059 3458 1119 3540 τὴν
1130 3473 1179 3522 108
