2572 3980
389 249 456 306 ΜΒ.
472 250 505 306 v.
544 251 620 306 οΑΡ.
640 259 761 309 οι-οι.
1035 254 1078 318 33

68 388 244 476 Ἀθηναῖοι
266 393 442 478 τυράννων
466 395 736 480 ἀπαλλάχθησαν·
761 397 822 461 ὅσα
843 394 879 462 δὲ
898 398 1079 482 ἐλευθερω-

70 499 189 576 θέντες
223 499 321 585 ἔρξαν
351 499 371 584 ἣ
405 503 534 564 ἔπαθον
565 499 716 585 ἀξιόχρεα
744 502 925 585 ἀπηγήσιος
950 500 1030 586 πρὶν
1057 499 1077 586 ἢ

68 601 201 690 Ἰωνίην
228 629 262 670 τε
290 605 472 690 ἀποστῆναι
500 605 563 671 ἀπὸ
590 610 738 691 Δαρείου
765 605 819 672 καί
844 604 1078 693 Ἀρισταγόρην

72 714 131 777 τὸν
155 714 326 794 Μιλήσιον
355 711 556 796 ἀπικόμενον
584 711 617 788 ἐς
637 709 780 795 Ἀθήνας
807 716 939 798 χρηίσαι
966 713 1078 782 σωέων

71 817 246 900 βοηθέειν,
269 827 372 882 ταῦτα
393 828 506 902 πρῶτα
529 817 656 902 φράσω.

159 921 313 1007 Ἀθῆναι,
341 922 456 988 ἐοῦσαι
482 921 536 987 καὶ
559 921 638 1008 πρὶν
661 923 812 1008 μεγάλαι,
841 926 914 989 τότε
937 923 1077 988 ἀπαλλα-
1096 947 1131 996 66

70 1036 206 1114 χθείσαι
237 1029 413 1113 τυράννων
445 1028 596 1112 ἐγίνοντο
629 1029 769 1113 μέζονες.
820 1029 856 1095 ἐν
889 1025 925 1094 δὲ
961 1029 1078 1114 αὐτῇσι

72 1137 136 1200 δύο
156 1135 275 1215 ἀνδρες
296 1134 527 1218 ἐδυνάστευον,
546 1135 752 1218 Κλεισθένης
769 1157 804 1200 τε
823 1135 906 1220 ἀνὴρ
921 1133 1078 1219 Ἀλκμεω·

71 1243 184 1324 υίδης,
211 1241 248 1317 ός
276 1261 337 1321 περ
368 1242 409 1323 δὴ
438 1243 538 1324 λόγον
561 1243 626 1326 ἔχει
648 1243 710 1324 τὴν
733 1245 871 1324 Πυθίην
894 1242 1078 1323 ἀναπεῖσαι,

70 1346 127 1412 καὶ
142 1345 313 1430 Ἰσαγόρης
335 1345 523 1429 Τισάνδρου
542 1348 647 1428 οἰκίης
665 1344 726 1431 μὲν
745 1347 808 1412 ἐὼν
827 1349 977 1430 δοκίμου,
996 1346 1077 1431 ἀτάρ

72 1558 179 1624 αὐτοῦ
201 1554 261 1621 Διὶ
283 1559 407 1644 Καρίην.
454 1552 547 1622 οὗτοι
575 1557 610 1622 οί
634 1559 754 1641 ἀνδρες
781 1558 977 1623 ἐστασίασαν
1004 1555 1078 1642 περὶ
1113 1547 1116 1554 ’

72 1663 250 1746 δυνάμιος,
288 1661 486 1747 ἑσσούμενος
522 1661 559 1729 δέ
596 1663 851 1747 δ’Κλεισθένης
881 1666 940 1729 τὸν
973 1665 1078 1746 δῆμον

71 1771 361 1854 προσεταιρίζεται.
407 1770 486 1852 μετὰ
516 1767 552 1834 δὲ
583 1771 808 1855 τετραφύλους
840 1769 954 1846 ἐόντας
981 1767 1092 1851 Ἀθη-ν

71 1879 192 1951 ναίους
219 1875 426 1956 δεκαφύλους
452 1873 599 1958 ἐποιήσε,
631 1886 697 1940 τῶν
720 1873 838 1950 Ἴωνος
864 1876 993 1940 παίδων
1019 1875 1078 1939 Γε-

72 1983 209 2057 λέοντος
243 1977 298 2044 καὶ
330 1981 524 2063 Αἰγικόρεος
554 1978 609 2044 καὶ
642 1979 805 2065 Ἀργάδεω
841 1977 896 2043 καί
919 1978 1079 2060 Ὅπλητος

71 2073 260 2164 ἀπαλλάξας
286 2086 343 2161 τάς
368 2084 568 2170 ἐπωνυμίας,
592 2085 734 2171 ἐξευρὼν
758 2083 795 2150 δὲ
818 2083 937 2166 ἐτέρων
960 2083 1078 2166 ἡρώων

72 2195 263 2277 ἐπωνυμίας
286 2191 485 2276 ἐπιχωρίων,
507 2191 608 2277 πάρεξ
631 2198 787 2267 Αἴαντος·
810 2199 929 2255 τοῦτον
953 2188 999 2270 δέ,
1023 2190 1078 2253 ἀπε

71 2300 291 2382 ἀστυγείτονα
322 2293 377 2360 καί
410 2297 598 2380 σύμμαχον,
632 2298 740 2375 ξεῖνον
764 2297 860 2362 ἐόντα
885 2294 1078 2380 προσέθετο.

71 2415 176 2471 ταῦτα
201 2403 252 2484 δέ,
276 2401 404 2468 δοκέειν
428 2402 514 2486 ἐμοί,
543 2402 689 2488 ἐμιμέετο
713 2403 730 2468 ὁ
753 2401 960 2483 Κλεισθένης
982 2397 1079 2478 οὗτος
1097 2420 1129 2471 67

70 2513 132 2577 τὸν
164 2508 292 2574 ἑωυτοῦ
323 2507 554 2592 μητροπάτορα
581 2507 786 2574 Κλεισθένεα
817 2509 876 2572 τὸν
907 2512 1080 2583 Σικυῶνος

71 2619 252 2702 τύραννον.
284 2612 491 2696 Κλεισθένης
508 2615 570 2698 γάρ
586 2611 761 2700 Ἀργείοισι
776 2615 964 2696 πολεμήσας
981 2622 1079 2677 τοῦτο

72 2721 135 2808 μὲν
166 2720 346 2806 ῥαψῳδοὺς
377 2721 498 2783 ἐπαυσε
528 2719 564 2784 ἐν
591 2723 741 2786 Σικυῶνι
767 2719 986 2803 ἀγωνίζεσθαι
1012 2729 1079 2782 τῶν

68 2828 253 2914 Ὁμηρείων
275 2825 380 2890 ἐπέων
403 2825 522 2906 εἵνεκα,
546 2825 596 2890 ὅτι
615 2823 759 2910 Ἀργεῐοί
778 2847 813 2889 τε
835 2822 889 2888 καὶ
903 2823 1023 2907 ’Ἁργος
1040 2823 1079 2886 τὰ

72 2935 181 3001 πολλά
208 2932 314 2996 πάντα
335 2929 506 3014 ὑμνέαται·
533 2940 631 2996 τοῦτο
656 2931 706 3014 δέ,
729 2930 854 3015 ἡρώιον
876 2930 938 3013 γάρ
961 2923 1003 3010 ἦν
1025 2925 1080 2991 καὶ

72 3047 143 3108 ἐστι
167 3039 205 3105 ἐν
227 3037 310 3121 αὐτῇ
332 3044 371 3120 τῇ
394 3036 498 3121 ἀγορῇ
521 3048 587 3101 τῶν
605 3039 802 3102 Σικυωνίων
822 3032 1002 3118 Ἀδράστου
1019 3041 1080 3097 τοῦ

77 3153 221 3226 Ταλαοῦ,
238 3152 358 3208 τοῦτον
373 3141 559 3227 ἐπεθύμησε
574 3142 592 3207 ό
606 3140 811 3222 Κλεισθένης
826 3139 921 3204 ἐόντα
932 3140 1080 3224 Ἀργεῑον

73 3256 227 3336 ἐκβαλεῖν
255 3250 290 3314 ἐκ
317 3257 373 3331 τῆς
400 3248 516 3332 χώρης.
561 3247 670 3312 ἐλθὼν
694 3243 731 3310 δὲ
754 3245 787 3321 ἐς
809 3247 965 3329 Δελφοὺς
988 3244 1080 3329 ἐχρη-

74 3358 264 3443 στηριάζετο
288 3356 319 3419 εἰ
340 3353 472 3435 ἐκβάλοι
494 3353 553 3418 τὸν
573 3351 771 3435 Ἄδρηστον·
804 3349 824 3433 ἡ
849 3349 885 3415 δὲ
909 3353 1024 3434 Πυθίη
1049 3351 1085 3418 οί

74 3473 137 3551 χρᾷ
170 3472 262 3546 φᾶσα
285 3458 472 3543 ’Ἄδρηστον
504 3453 564 3541 μὲν
595 3452 682 3522 εἶναι
709 3459 906 3521 Σικυωνίων
934 3455 1079 3538 βασιλέα,

127 3577 221 3618 mon.
235 3575 266 3616 11.
852 3563 867 3611 9
