2678 3970
415 270 846 330 Llss.v11.0AP.156-159.
933 301 935 306 -
1073 277 1138 340 213

135 409 305 496 Ἕλληνες,
334 418 436 499 λόγον
468 419 599 501 ἔχοντες
623 418 822 502 πλεονέκτην
855 419 1051 503 ἐτολμήσατε
1083 417 1138 505 ἐμὲ

133 519 306 604 σύμμαχον
343 519 395 586 ἐπὶ
429 523 489 587 τὸν
521 524 691 608 βάρβαρον
723 524 984 610 παρακαλέοντες
1016 526 1137 591 ἐλθελν.

133 623 229 689 αὐτοὶ
248 623 284 690 δὲ
298 625 376 710 ἐμεῦ
389 631 551 713 πρότερον
571 628 750 712 δεηθέντος
768 632 974 716 βαρβαρικοῦ
996 641 1137 718 στρατοῦ

133 733 400 816 συνεπάψασθαι,
420 734 473 799 ὅτε
492 757 549 818 μοι
566 736 648 820 πρὸς
662 737 915 820 Καρχηδονίους
932 747 1040 812 νεῖκος
1058 753 1136 802 συν-

132 847 226 920 ῆπτο,
246 838 500 922 ἐπισκήπτοντός
513 864 548 906 τε
565 843 625 905 τὸν
639 841 788 927 Δωριέος
804 851 864 908 τοῦ
875 838 1135 928 Ἀναξανδρίδεω

132 945 214 1025 πρὸς
234 941 429 1028 Ἐγεσταίων
452 948 561 1030 φόνον
585 946 824 1032 ἐκπρήξασθαι,
847 946 1080 1024 ὑποτείνοντός
1101 970 1136 1013 τε

131 1051 172 1113 τά
195 1049 334 1137 ἐμπόρια
357 1057 624 1138 συνελευθεροῦν
647 1050 703 1117 ἀπ’
730 1048 778 1118 ὧν
796 1053 875 1137 ὑμίν
894 1053 1031 1137 μεγάλαι
1050 1052 1136 1137 ὠφε-

132 1157 201 1220 λίαι
231 1179 266 1221 τε
298 1155 352 1221 καὶ
384 1157 575 1244 ἐπαυρέσιες
605 1161 777 1242 γεγόνασι,
809 1159 886 1224 οὔτε
916 1159 993 1243 ἐμεῦ
1027 1159 1135 1223 εἵνεκα

131 1263 250 1344 ήλθετε
278 1265 507 1347 βοηθήσοντες
534 1263 610 1330 οὔτε
632 1266 691 1330 τὸν
714 1264 864 1350 Δωριέος
886 1267 995 1349 φόνον
1018 1265 1135 1350 ἐκπρη-

131 1367 277 1450 ξόμενοι,
306 1371 344 1434 τό
370 1391 405 1434 τε
434 1367 504 1435 κατ’
535 1370 636 1455 ὑμέας
662 1356 740 1435 τάδε
766 1371 894 1435 ἅπαντα
920 1370 984 1436 ὑπὸ
1012 1371 1134 1456 βαρβά-

130 1578 277 1662 κατέστη.
326 1589 391 1645 νῦν
423 1577 460 1646 δέ
488 1580 599 1664 ἐπειδή
627 1583 845 1666 περιελήλυθε
871 1581 889 1646 δ
912 1584 1054 1666 πόλεμος
1079 1580 1133 1647 καὶ

131 1685 262 1750 ἀπῖκται
288 1685 321 1763 ἐς
347 1684 463 1770 ὑμέας,
491 1687 577 1751 οὑτω
606 1687 648 1770 δή
672 1687 823 1764 Γέλωνος
849 1696 987 1772 μνῆστις
1009 1687 1133 1770 γέγονε.

131 1791 260 1876 άτιμίης
283 1789 320 1857 δὲ
342 1793 424 1877 πρὸς
445 1790 556 1876 ὑμέων
578 1795 723 1878 κυρήσας
742 1793 802 1857 οὐκ
821 1792 1025 1877 ὁμοιώσομαι
1043 1793 1132 1877 ὑμῖν,

130 1896 202 1962 ἀλλ’
229 1897 357 1981 ἕτοιμός
383 1900 448 1981 είμι
475 1897 631 1981 βοηθέειν
658 1901 879 1983 παρεχόμενος
907 1899 1076 1981 διηκοσίας
1098 1923 1133 1964 τε

129 2007 282 2090 τριήρεας
307 2001 362 2068 καὶ
386 2005 581 2089 δισμυρίους
604 2003 737 2079 ὁπλίτας
763 2001 818 2068 καὶ
841 2005 1005 2088 δισχιλίην
1032 2005 1132 2070 ἵππον

129 2109 185 2176 καὶ
209 2111 390 2194 δισχιλίους
408 2109 542 2188 τοξότας
559 2107 614 2174 καὶ
634 2111 816 2194 δισχιλίους
834 2111 1062 2194 σφενδονήτας
1078 2109 1133 2175 καλ

130 2218 314 2298 δισχιλίους
346 2217 573 2301 ἱπποδρόμους
598 2217 730 2294 ψιλούς·
763 2217 856 2280 σῖτόν
887 2238 922 2280 τε
954 2215 1061 2302 άπάση
1093 2225 1133 2302 τῇ

124 2319 293 2403 Ἑλλήνων
312 2331 456 2407 στρατιή,
476 2319 541 2386 ἐστ’
559 2321 601 2386 ἀν
616 2313 917 2406 διαπολεμήσωμεν,
931 2321 1133 2407 ὑποδέκομαι

129 2426 290 2512 παρέξειν.
336 2427 389 2492 ἐπὶ
412 2425 449 2494 δέ
472 2431 559 2516 λόγῳ
581 2428 699 2516 τοιῷδε
721 2427 799 2492 τάδε
820 2427 1010 2512 ὑπίσχομαι,
1035 2426 1083 2494 ἐπ’
1106 2421 1132 2516 ᾧ

130 2536 311 2619 στρατηγός
332 2557 367 2599 τε
394 2533 450 2599 καὶ
475 2534 607 2619 ήγεμὺν
632 2530 886 2618 τῶνἙλλήνων
914 2537 1029 2618 ἔσομαι
1050 2536 1133 2619 πρὸς

128 2642 188 2705 τὸν
207 2641 389 2726 βάρβαρον·
413 2635 463 2705 ἐπ’
480 2641 568 2728 ἀλλην
588 2637 625 2705 δὲ
642 2643 730 2728 λόγῳ
745 2638 815 2705 οὔτ’
833 2639 875 2704 ἀν
889 2639 988 2716 αὐτὸς
1001 2642 1132 2722 ἔλθοιμι

130 2743 200 2810 οὔτ’
218 2745 259 2811 δν
275 2746 396 2822 άλλους
408 2745 578 2831 πέμψαιμι.
605 2755 707 2811 ταῦτα
721 2745 864 2822 ἀκούσας
879 2745 955 2808 οὔτε
968 2743 1122 2827 ήνέσχετο
1136 2764 1182 2813 159

130 2851 148 2916 ὑ
168 2853 324 2938 Σύαγρος
346 2847 417 2918 εἶπέ
437 2875 472 2916 τε
491 2851 585 2916 τάδε·
603 2843 649 2915 Ἦ
662 2875 698 2916 κε
721 2847 792 2936 μέγ’
819 2849 967 2934 οίμώξειε
990 2849 1007 2914 ὁ
1027 2853 1132 2913 Πελο-

129 2959 228 3041 πίδης
248 2957 460 3043 Ἀγαμέμνων
486 2960 678 3042 πυθόμενος
700 2958 910 3043 Σπαρτιήτας
931 2955 992 3037 τήν
1015 2953 1132 3037 ήγεμο-

129 3067 207 3146 νίηυ
230 3063 477 3150 ἀπαραιρῆσθαι
499 3064 563 3128 ὑπὸ
587 3062 738 3140 Γέλωνός
759 3085 793 3127 τε
822 3059 877 3125 καλ
900 3063 1129 3146 Συρηκοσίων.

129 3168 212 3234 ἀλλά
234 3171 355 3235 τούτου
378 3168 439 3254 μὲν
456 3178 517 3234 τοῦ
535 3170 638 3250 λόγου
656 3167 769 3251 μηκέτι
787 3173 949 3252 μνησθῇς,
969 3166 1053 3242 ὅκως
1070 3167 1131 3251 τήν

128 3274 310 3360 ήγεμονίην
327 3299 379 3340 τοι
395 3276 645 3360 παραδώσομεν.
683 3268 754 3337 ἀλλ’
775 3275 806 3336 εί
822 3269 882 3355 μὲν
901 3273 1035 3356 βούλεαι
1053 3276 1130 3356 βοη-

128 3380 222 3447 θέειν
244 3391 284 3466 τή
302 3378 444 3463 Ἑλλάδι,
469 3386 542 3445 λσθι
565 3376 743 3462 ἀρξόμενος
761 3377 825 3442 ὑπὸ
843 3379 1129 3462 Λακεδαιμονίων

9 3541 10 3568 ,
129 3491 161 3553 εί
186 3484 217 3553 δ’
247 3491 312 3573 ἄρα
334 3490 377 3572 μή
402 3489 541 3562 δικαιοῖς
565 3487 740 3571 ἄρχεσθαι,
771 3487 813 3549 σὺ
837 3481 873 3548 δέ
896 3485 939 3568 μή
964 3483 1129 3568 βοηθέειν.
