2678 3968
407 260 473 318 ΜΒ.
489 263 548 318 vll.
586 261 661 318 cAP.
682 269 838 318 εει-εει.
1062 261 1126 327 249

4 453 6 514 χ
126 409 263 471 πολλαί·
295 407 333 471 τὸ
356 403 393 472 δέ
415 405 525 484 θέλεις
548 407 717 491 ἐκμαθεῖν,
742 409 892 490 εἰδήσεις.
939 409 1006 472 ἐστι
1029 407 1066 472 ἐν
1087 415 1127 491 τῇ

4 517 6 582 i
124 513 350 596 Λακεδαίμονι
369 513 505 596 Σπάρτη
528 515 622 590 πόλις
641 512 774 598 ἀνδρῶν
798 513 1046 597 ὀκτακισχιλίων
1069 513 1128 597 μά-

125 623 231 700 λιστα,
252 615 309 683 καὶ
331 611 424 683 οὗτοι
441 618 560 694 πάντες
579 616 643 684 είσὶ
661 619 770 703 ὅμοιοι
787 629 874 684 τολσι
892 619 1014 686 ἐνθάδε
1032 643 1128 703 μαχε-
1190 662 1193 666 -

126 722 310 808 σαμένοισι·
335 724 422 806 οἵγε
440 719 501 807 μὲν
520 723 615 789 άλλοι
628 725 886 808 Λακεδαιμόνιοι
904 726 1049 791 τούτοισι
1068 720 1128 808 μὲν

4 853 5 862 ’
127 831 188 895 οὐκ
211 830 329 914 όμοιοι,
352 827 474 913 ἀγαθοὶ
498 828 544 896 δέ.
581 825 650 896 εἷπε
673 831 755 916 πρὸς
776 839 879 896 ταῦτα
901 829 1036 915 Ξέρξης·
1059 835 1129 913 Δη-

125 937 264 1022 μάρητε,
290 934 353 1024 τέῳ
376 938 487 1023 τρόπω
510 935 735 1020 ἀπονητότατα
757 947 824 1002 τῶν
847 936 979 1022 ἀνδρῶν
1001 936 1129 1000 τούτων

10 1088 14 1105 .
127 1043 399 1127 έπικρατήσομεν;
428 1047 480 1107 ίθι
507 1040 628 1124 ἐξηγέο.
674 1044 717 1107 σὺ
744 1043 807 1128 γὰρ
835 1045 918 1126 ἔχεις
940 1041 1050 1108 αὐτῶν
1072 1042 1130 1117 τὰς

11 1200 15 1217 .
126 1146 296 1225 διεξόδους
322 1159 390 1213 τῶν
411 1148 660 1232 βουλευμάτων,
690 1141 743 1213 οἷα
766 1149 921 1230 βασιλεὺς
942 1149 1128 1231 γενόμενος.

127 1253 145 1318 ὁ
165 1250 195 1318 δ’
218 1253 381 1337 ἀμείβετο·
396 1243 434 1318 Ὠ
452 1257 598 1338 βασιλεῦ,
618 1257 649 1320 εί
665 1251 726 1339 μέν
745 1255 787 1337 δὴ
807 1254 1051 1338 συμβουλεύεαί
1064 1277 1120 1338 μοι
1130 1271 1177 1322 τοι

127 1360 323 1444 προθύμως,
352 1360 481 1446 δι’καιόμ
508 1383 548 1444 με
576 1363 633 1425 σοί
657 1359 725 1424 ἐστι
754 1360 891 1445 φράζειν
917 1359 954 1424 τὸ
984 1360 1128 1444 άριστον.

128 1467 159 1531 εί
178 1474 236 1549 τῆς
257 1474 412 1549 ναυτικῆς
434 1475 586 1549 στρατιῆς
608 1463 685 1544 νέας
701 1467 890 1550 τριηκοσίας
908 1464 1129 1541 ἀποστείλειας

9 1598 12 1607 ·
116 1570 181 1654 ἐπὶ
203 1573 263 1654 τὴν
282 1572 453 1637 Λάκαιναν
471 1572 590 1656 χώρην.
628 1575 697 1636 ἔστι
716 1568 752 1636 δέ
770 1569 820 1637 ἐπ’
842 1571 925 1656 αὐτῇ
943 1578 1044 1653 νῆσος
1062 1569 1128 1634 ἐπι-

128 1676 260 1763 κειμένη
278 1685 318 1763 τη
336 1678 464 1762 οὔνομά
482 1676 550 1743 ἐστι
563 1678 718 1762 Κύθηρα,
737 1678 798 1760 τὴν
816 1680 928 1742 Χίλων
947 1675 1032 1761 άνηρ
1050 1672 1125 1760 παρ’

128 1783 207 1868 ἡμῖν
239 1784 430 1868 σοφώτατος
461 1785 641 1867 γενόμενος
671 1781 789 1868 κέρδος
821 1780 917 1866 μέζον
949 1783 1012 1864 έφη
1045 1775 1131 1845 εἶναι

129 1893 355 1975 Σπαρτιητησι
372 1890 454 1954 κατὰ
471 1897 527 1972 της
544 1888 715 1971 θαλάσσης
732 1886 988 1953 καταδεδυκέναι
1006 1891 1145 1969 μᾶλλον,

129 1997 150 2080 ἣ
169 1994 349 2080 ὑπερέχειν,
373 1996 440 2060 αίεί
454 2017 487 2058 τι
504 1995 700 2077 προσδοκῶν
718 1990 772 2058 ἀπ’
795 1992 895 2076 αὐτῆς
912 2000 1043 2057 τοιοῦτο
1063 1995 1131 2057 ἔσε-

130 2108 212 2166 σθαι
244 2093 316 2166 οἷόν
347 2122 400 2164 τοι
430 2098 493 2182 ἐγὼ
521 2097 708 2182 ἐξηγέομαι,
740 2099 813 2163 ου”τι
839 2099 898 2163 τὸν
925 2099 986 2162 σὸν
1013 2100 1131 2163 στόλον

130 2207 308 2290 προειδώς,
344 2205 427 2270 άλλδι
462 2205 569 2270 πάντα
605 2203 727 2288 ὁμοίως
763 2205 967 2288 φοβεόμενος
998 2203 1131 2288 ἀνδρῶν

131 2314 259 2377 στόλον.
305 2310 340 2378 ἐκ
365 2311 485 2394 ταύτης
510 2319 568 2394 τῆς
593 2312 699 2394 νησου
727 2309 913 2394 ὁρμώμενοι
939 2311 1131 2393 φοβεόντων

130 2420 209 2494 τοὺς
222 2419 513 2501 Λακεδαιμονίους.
550 2418 712 2502 παροίκου
731 2411 768 2481 δέ
785 2412 931 2500 πολέμου
945 2429 1006 2498 σφι
1020 2416 1132 2493 ἐόντος

132 2525 260 2605 οίκηιόυ
279 2518 380 2588 οὐδὲν
398 2522 504 2588 δεινοὶ
522 2524 656 2588 ἔσονταί
666 2545 717 2587 τοι
735 2521 779 2606 μὴ
792 2529 850 2604 τῆς
863 2522 964 2603 άλλης
976 2518 1133 2598 Ἑλλάδος

131 2626 347 2712 ἁλισκομένης
374 2628 438 2694 ὑπὸ
464 2637 525 2694 τοῦ
557 2631 654 2706 πεζοῦ
686 2625 855 2710 βοηθέωσι
880 2628 992 2712 ταύτη.
1036 2650 1132 2692 κατα-

132 2736 359 2818 δουλωθείσης
387 2731 424 2798 δὲ
451 2743 507 2817 τῆς
534 2735 635 2816 άλλης
657 2729 815 2810 Ἑλλάδος
843 2728 983 2808 ἀσθενές
1008 2732 1072 2814 ἥδη
1086 2733 1132 2796 Ιτὸ

132 2841 327 2906 Λακωνικὸν
350 2848 476 2923 μοῦνον
499 2843 650 2905 λείπεται.
695 2839 738 2922 ἢν
761 2835 920 2904 δὲταῦτα
943 2837 987 2919 μη
1010 2835 1132 2921 ποιέης,

9 2935 13 2956 ⁵
131 2946 209 3010 τάδε
239 2967 291 3010 τοι
318 2946 487 3030 προσδόκα
514 2947 662 3010 ἔσεσθαι·
695 2945 763 3008 ἐστι
789 2951 846 3026 τῆς
874 2945 1133 3024 Πελοποννήσου

13 3062 16 3123 ’,
133 3051 254 3136 ίσθμὸς
276 3053 417 3128 στεινός·
440 3049 477 3116 ἐν
499 3051 606 3138 τούτῳ
628 3057 674 3137 τῷ
698 3049 793 3136 χύρφ
812 3047 945 3112 πάντων
965 3052 1132 3113 Πελοπον·

132 3160 258 3240 νησίων
277 3156 535 3240 συνομοσάντων
554 3154 608 3220 ἐπὶ
625 3153 678 3220 σοὶ
692 3154 796 3239 μάχας
810 3150 1022 3238 ίσχυροτέρας
1035 3154 1135 3232 άλλας
1241 3167 1244 3175 “

133 3273 198 3326 τῶν
216 3262 406 3346 γενομένων
424 3260 604 3347 προσδέκεο
623 3262 762 3325 ἔσεσθαί
778 3282 837 3324 τοι.
874 3257 978 3324 έκεῖνο
994 3255 1031 3324 δὲ
1044 3263 1134 3344 ποιη-

133 3383 229 3434 σαντι
250 3366 390 3452 ἀμαχητὶ
413 3368 431 3433 ό
453 3390 488 3432 τε
512 3367 632 3451 ίσθμὸς
654 3361 751 3442 οὗτος
773 3362 829 3430 καὶ
852 3364 889 3429 αί
907 3367 1016 3443 πόλιες
1034 3383 1133 3451 προσ-

133 3475 329 3557 χωρήσουσι.
375 3472 462 3555 λέγει
489 3473 568 3556 μετὰ
593 3480 714 3538 τοῦτον
737 3467 942 3556 Ἀχαιμένης,
966 3471 1126 3555 ἀδελφεός
1136 3488 1186 3537 236
