2640 3960
389 274 457 330 ΜΒ.
471 275 503 330 V.
542 276 619 333 CAP.
640 283 795 332 τεο-126.
1057 277 1101 342 65

94 419 244 500 Μυσίην.
289 423 413 500 ταύτην
442 416 478 485 δέ
507 419 640 503 ἐξελών,
669 421 714 506 ὡς
740 420 883 487 ἐπύθετο
911 422 970 486 τὸν
989 418 1102 504 Ἑλλή-

93 541 240 589 σποντον
264 523 485 590 ἐκλελοιπέναι
508 530 685 610 Δαυρίσην
707 525 762 591 καὶ
786 529 1024 609 στρατεύεσθαι
1048 527 1101 593 ἐπὶ

93 633 237 713 Καρίης,
270 632 458 696 καταλιπὼν
488 633 550 715 τήν
578 634 794 717 Προποντίδα
827 631 879 698 ἐπὶ
906 635 966 699 τὸν
988 631 1101 718 Ἑλλή-
1224 662 1229 676 ⁸

93 753 240 801 σποντον
258 731 318 818 ήγε
335 738 395 801 τὸν
414 740 564 821 στρατόν,
583 736 638 803 καὶ
657 729 722 803 εἷλε
741 735 801 822 μὲν
820 738 961 816 Αἰολέας
978 741 1102 817 πάντας

21 855 22 872 ’
93 843 167 907 ὅσοι
190 842 252 924 τήν
271 839 395 907 Ἰλιάδα
411 842 579 928 νέμονται,
603 837 668 908 εἷλε
688 840 725 910 δὲ
743 844 909 929 Γέργιθας
926 849 1004 922 τοὺς
1021 847 1102 911 ὑπο-

20 977 22 998 r
93 946 294 1032 λειφθέντας
319 959 386 1013 τῶν
414 949 560 1033 άρχαίων
587 954 750 1035 Τευκρῶν.
797 950 895 1026 αύτύς
917 975 951 1016 τε
970 948 1103 1035 Ὑμαίης

93 1053 216 1139 αἱρέων
238 1063 340 1119 ταῦτα
362 1057 402 1118 τά
425 1059 526 1120 ἔθνεα
548 1057 660 1144 νούσῳ
682 1062 817 1143 τελευτᾷ
840 1057 877 1122 ἐν
899 1066 938 1142 τῇ
961 1058 1101 1144 Τρῳάδι.

93 1157 192 1237 οὗτος
228 1158 289 1244 μέν
322 1161 362 1243 δή
396 1161 482 1226 οὕτω
515 1162 717 1246 ἐτελεύτησε,
751 1159 974 1249 Ἀρταφρένης
1005 1159 1041 1228 δὲ
1074 1163 1154 1229 6123

93 1269 254 1352 Σαρδίων
288 1267 435 1351 ὕπαρχος
470 1265 525 1332 καὶ
553 1265 687 1351 Ὀτάνης
725 1268 742 1334 ὁ
776 1272 886 1355 τρίτος
921 1270 1104 1355 στρατηγὸς

93 1373 283 1457 ἐτάχθησαν
306 1371 359 1438 ἐπί
381 1379 442 1456 τήν
462 1371 591 1457 Ἰωνίην
615 1373 670 1438 καί
692 1375 753 1458 τήν
776 1373 937 1460 προσεχέα
959 1377 1103 1440 Αἰολίδα

93 1480 342 1565 στρατεύεσθαι.
384 1473 511 1561 Ἰωνίης
538 1479 599 1564 μέν
620 1504 686 1545 νυν
709 1482 919 1564 Κλαζομενάς
942 1479 1102 1566 αίρέουσι,

93 1584 246 1652 Αἰολέων
270 1581 306 1650 δὲ
328 1586 457 1669 Κύμην.
494 1585 719 1670 ἁλισκομένων
743 1583 780 1652 δὲ
801 1598 868 1651 τών
891 1591 1027 1670 πολίων,
1050 1583 1093 1670 ἦν
1105 1605 1156 1653 124

94 1692 168 1776 γάρ,
192 1692 237 1769 ώς
256 1690 398 1773 διέδεξε,
419 1689 653 1776 Ἀρισταγόρης
677 1691 694 1757 ὁ
718 1694 885 1776 Μιλήσιος
907 1694 1018 1776 ψυχήν
1041 1693 1103 1758 οὐκ

95 1801 210 1883 άκρος,
247 1797 284 1874 ὃς
318 1796 459 1882 ταράξας
494 1797 555 1882 τήν
588 1793 719 1880 Ἰωνίην
752 1796 807 1863 καί
844 1799 1103 1883 ἐγκερασάμενος

94 1907 268 1991 πρήγματα
304 1904 428 1988 μεγάλα
465 1905 614 1988 δρησμὸν
651 1904 807 1986 ἐβούλευε
844 1902 949 1989 ὁρέων
984 1915 1103 1971 ταῦτα·

94 2014 177 2095 πρὸς
200 2009 240 2075 δέ
260 2010 295 2075 οἰ
314 2008 369 2075 καί
392 2010 540 2074 άδύνατα
559 2009 665 2092 ἐφάνη
685 2008 821 2092 βασιλέα
839 2016 986 2094 Δαρεῖον
1005 2011 1103 2096 ὑπερ-

94 2115 271 2200 βαλέσθαι·
307 2118 390 2200 πρὸς
420 2125 522 2180 ταῦτα
555 2117 595 2198 δή
628 2111 676 2181 ὦν
708 2114 910 2198 συγκαλέσας
936 2119 1014 2192 τοὺς
1046 2133 1104 2182 συ-

94 2222 277 2300 στασιώτας
308 2222 516 2305 ἐβουλεύετο,
549 2220 654 2305 λέγων
686 2221 730 2298 ὡς
762 2222 899 2305 άμεινον
929 2226 1025 2304 σφίσι
1052 2230 1102 2307 εἰη

93 2329 325 2413 κρησφύγετόν
343 2351 375 2392 τι
397 2327 545 2412 ὑπάρχον
569 2323 664 2410 εἶναι,
686 2327 730 2412 ήν
753 2328 816 2412 άρα
839 2327 1045 2407 ἐξωθέωνται
1067 2331 1103 2396 ἐκ

93 2446 151 2520 τῆς
178 2437 348 2517 Μιλήτου,
381 2439 445 2499 εἴτε
475 2435 515 2518 δή
549 2431 596 2498 ὧν
627 2433 660 2510 ἐς
688 2435 812 2520 Σαρδὼ
845 2433 881 2500 ἐκ
911 2444 971 2500 τοῦ
998 2439 1103 2501 τύπου

93 2542 217 2607 τούτου
239 2541 315 2622 άγοι
338 2540 371 2616 ἐς
393 2539 558 2623 ἀποικίην,
583 2545 647 2604 εἰτε
670 2540 703 2616 ἐς
721 2541 899 2625 Μύρκινον
921 2542 982 2624 τήν
998 2539 1103 2607 Ἠδω-

93 2659 180 2730 νῶν,
207 2647 269 2730 τήν
287 2642 439 2722 Ἱστιαῖος
466 2646 583 2730 ε’τείχεε
606 2647 695 2730 παρὰ
717 2649 866 2730 Δαρείου
895 2647 1024 2730 δωρεὴν
1046 2652 1103 2728 λα-

94 2754 174 2836 βών.
215 2761 317 2816 ταῦτα
340 2751 498 2836 ἐπειρώτα
521 2752 538 2818 ὁ
559 2745 800 2838 Ἀρισταγόρης·
837 2748 1009 2816 Ἑκαταίου
1033 2751 1093 2834 μέν
1106 2767 1156 2815 125
1180 2763 1181 2774 ¹

94 2883 159 2925 νυν
182 2866 243 2922 τοῦ
261 2853 509 2943 Ἡγησάνδρου,
533 2857 655 2941 ἀνδρὸς
678 2862 868 2940 λογοποιοῦ,
891 2857 1020 2920 τούτων
1043 2852 1103 2938 μὲν

95 2967 128 3044 ἐς
159 2962 340 3050 οὐδετέρην
366 2962 514 3028 στέλλειν
543 2966 640 3049 ἔφερε
666 2962 687 3047 ή
715 2964 846 3046 γνώμη,
878 2961 915 3026 ἐν
937 2959 1034 3048 Λέρῳ
1067 2958 1104 3026 δὲ

93 3081 133 3157 τῇ
164 3074 257 3158 νήσῳ
284 3081 390 3154 τεῖχος
422 3070 727 3154 οἰκοδομησάμενον
755 3068 897 3152 ἡσυχίην
925 3068 1033 3150 άγειν,
1061 3067 1104 3151 ήν

94 3178 214 3264 ἐκπέση
243 3177 279 3242 ἐκ
305 3185 362 3260 τῆς
384 3178 551 3259 Μιλήτου·
584 3178 694 3240 ἔπειτα
722 3169 759 3238 δὲ
787 3173 823 3238 ἐκ
848 3173 968 3256 ταύτης
997 3175 1104 3258 ὁρμώ-

95 3308 198 3369 μενον
220 3283 477 3348 κατελεύσεσθαι
500 3281 533 3358 ἐς
555 3281 615 3364 τήν
638 3282 801 3361 Μίλητον.
842 3287 944 3343 ταῦτα
968 3275 1028 3364 μὲν
1052 3283 1092 3364 δή
1106 3295 1156 3344 ικσ

91 3389 261 3465 Ἑκαταῖος
279 3388 511 3470 συνεβούλευε,
535 3386 623 3472 αὐτῷ
642 3381 678 3449 δὲ
694 3381 908 3470 Ἀρισταγόρῃ
927 3383 948 3468 ή
967 3389 1102 3468 πλείστη

95 3498 209 3581 γνώμη
246 3489 289 3578 ήν
321 3492 354 3570 ἐς
384 3493 445 3576 τήν
471 3492 652 3577 Μύρκινον
682 3490 829 3569 άπάγειν.
874 3490 935 3573 τήν
968 3486 1028 3575 μὲν
1060 3492 1102 3576 δή

147 3611 171 3651 Η
173 3619 243 3649 σσσσσ
257 3608 289 3648 IL
872 3599 889 3647 5
