2678 3968
187 237 253 304 292
601 229 790 286 Ηοοοοουι

187 389 269 465 νηῦς
301 374 458 443 κατέδυσε
489 385 557 442 τῶν
585 378 832 460 Σαμοθρηίκων
864 377 926 458 τήν
953 373 1019 441 νέα.
1070 375 1125 440 άτε
1155 371 1194 440 δὲ
1313 373 1314 428 3

188 487 298 561 ἐόντες
324 479 512 548 ἀκοντισταὶ
540 483 575 546 οί
595 483 828 565 Σαμοθρήικες
850 484 928 558 τοὺς
951 481 1105 564 ἐπιβάτας
1128 480 1192 545 ἀπὸ

187 601 245 676 της
266 589 495 671 καταδυσάσης
516 589 592 664 νεὸς
615 589 791 670 βάλλοντες
814 586 983 673 ἀπήραξαν
1005 585 1060 651 καί
1079 584 1192 670 ἐπέβη-

188 697 252 762 σάν
274 719 309 761 τε
331 692 385 761 καί
409 697 506 778 ἔσχον
529 693 641 776 αὐτήν.
678 702 780 759 ταῦτα
802 697 965 778 γενόμενα
982 696 1060 769 τοὺς
1073 691 1194 769 Ἴωνας

188 801 364 888 ἐρρύσατο·
387 799 432 876 ὡς
449 801 512 882 γὰρ
532 793 601 864 εἶδέ
617 815 721 882 σφεας
739 797 862 884 Ξέρξης
880 802 979 884 ἐργον
997 798 1079 883 μέγα
1098 797 1195 884 ἐργα-
1315 826 1316 832 “

188 907 352 994 σαμένους
370 906 525 991 ἐτράπετο
544 905 627 989 πρὸς
644 906 723 982 τοὺς
744 908 902 982 Φοίνικας
920 896 974 971 οἰα
992 905 1194 992 ύπερλυπεό-
1315 967 1316 990 χ

189 1017 288 1099 μενός
309 1037 344 1078 τε
370 1010 426 1076 καί
448 1011 571 1087 πάντας
594 1011 802 1094 αἰτιώμενος,
830 1014 889 1075 καί
907 1028 1021 1096 σφεων
1044 1010 1195 1077 ἐκέλευσε
1315 991 1316 1004 ¹

188 1121 246 1196 τάς
267 1120 412 1203 κεφαλάς
434 1117 624 1202 ἀποταμεῖν,
648 1117 704 1182 ίνα
727 1118 771 1202 μή
795 1115 890 1182 αὐτοὶ
907 1115 1003 1182 κακοὶ
1020 1120 1194 1201 γενόμενοι

188 1228 267 1302 τοὺς
285 1225 460 1309 ἀμείνονας
474 1223 684 1304 διαβάλλωσι.
716 1223 800 1300 ὅκως
818 1224 882 1308 γάρ
895 1245 970 1288 τινα
986 1224 1053 1288 ἰδοι
1071 1221 1195 1308 Ξέρξης

189 1342 256 1396 τῶν
279 1329 405 1396 ἑωυτοῦ
428 1333 527 1414 ἔργον
550 1352 582 1393 τι
604 1328 887 1413 ἀποδεικνύμενον
906 1329 943 1394 ἐν
960 1337 1000 1413 τῇ
1017 1333 1195 1414 ναυμαχίη,

188 1438 370 1520 κατήμενος
392 1436 456 1501 ὑπὸ
479 1443 525 1524 τῷ
549 1437 622 1517 ὄρει
641 1442 686 1522 τῷ
712 1433 827 1500 ἀντίον
850 1439 1056 1519 Σαλαμῖνος,
1078 1437 1115 1501 τὸ
1138 1459 1195 1500 κα-
1316 1463 1317 1468 ’

190 1542 296 1608 λέεται
318 1543 497 1626 Αἰγάλεως,
522 1540 771 1606 ἀνεπυνθάνετο
790 1542 848 1606 τὸν
867 1543 1061 1624 ποιήσαντα,
1085 1538 1139 1605 καί
1162 1541 1199 1606 οί

190 1646 429 1734 γραμματισταὶ
447 1646 639 1732 ἀνέγραφον
657 1649 826 1732 πατρόθεν
843 1647 903 1712 τὸν
921 1648 1122 1732 τριήραρχον
1140 1646 1196 1711 καί

190 1756 251 1839 τήν
282 1757 389 1820 πόλιν.
434 1755 516 1839 πρὸς
544 1752 583 1818 δέ
607 1776 639 1817 τι
670 1751 725 1818 καί
752 1753 973 1838 προσεβάλετο
1006 1757 1103 1836 φίλος
1130 1752 1196 1818 ἐὼν

187 1858 407 1947 Ἀριαράμνης
433 1860 518 1945 ἀνὴρ
542 1857 674 1945 Πέρσης
699 1859 831 1944 παρεὼν
852 1859 974 1924 τούτου
996 1867 1057 1923 τοῦ
1082 1864 1196 1925 Φοινι-
1317 1933 1318 1946 χ

191 1971 288 2052 κηίου
311 1967 447 2044 πάθεος.

139 2099 172 2148 91
283 2074 327 2138 Οί
351 2069 412 2158 μὲν
440 2074 481 2157 δή
508 2073 591 2153 πρὸς
617 2074 696 2150 τοὺς
720 2076 878 2149 Φοίνικας
906 2071 1098 2158 ἐτράποντο·
1129 2083 1197 2137 τῶν

194 2177 230 2246 δέ
257 2180 436 2264 βαρβάρων
463 2177 496 2255 ἐς
523 2179 635 2262 φυγήν
661 2177 877 2264 τραπομένων
908 2177 963 2244 καί
992 2178 1197 2245 ἐκπλεόντων

192 2286 275 2369 πρὸς
292 2286 329 2348 τὸ
352 2284 507 2369 Φάληρον
523 2285 700 2368 Αἰγινῆται
717 2284 917 2362 ὑποστάντες
936 2285 972 2351 έν
990 2293 1035 2373 τῷ
1054 2291 1196 2372 πορθμῷ

193 2393 273 2476 ἔργα
296 2388 492 2468 ἀπεδέξαντο
516 2392 618 2473 λόγου
641 2388 724 2467 ἀξια.
760 2391 795 2454 οἰ
810 2386 871 2475 μὲν
891 2393 954 2476 γάρ
970 2387 1142 2474 Ἀθηναῖοι
1160 2392 1198 2458 ἐν

192 2504 238 2585 τῷ
270 2496 408 2584 θορύβῳ
437 2495 603 2581 ἐκεράιζον
634 2496 692 2572 τάς
721 2518 756 2560 τε
788 2495 1024 2581 ἀντισταμένας
1054 2496 1109 2562 καί
1140 2499 1199 2575 τὰς

194 2603 383 2688 φευγούσας
400 2612 467 2666 τῶν
485 2611 582 2684 νεῶν,
606 2602 641 2666 οἱ
661 2597 698 2666 δὲ
716 2603 893 2686 Αἰγινῆται
910 2604 967 2680 τὰς
985 2602 1197 2681 ἐκπλεούσας·
1318 2665 1319 2668 ,

195 2712 278 2788 ὅκως
302 2708 341 2776 δέ
360 2731 448 2784 τινες
469 2711 547 2784 τοὺς
566 2701 764 2790 Ἀθηναίους
787 2708 995 2792 διαφύγοιεν,
1019 2703 1200 2794 φερόμενοι

143 2837 176 2887 92
196 2817 370 2884 ἐσέπιπτον
402 2814 435 2891 ἐς
465 2816 544 2890 τοὺς
573 2814 761 2896 Αἰγινήτας.
812 2812 958 2879 ἐνθαῦτα
996 2817 1200 2901 συνεκύρεον

195 2922 267 3000 νέες
293 2924 314 3007 ή
340 2945 375 2987 τε
403 2919 638 3005 Θεμιστοκλέος
667 2919 833 2984 διώκουσα
859 2919 934 3003 νέα,
961 2919 1017 2985 καί
1043 2921 1063 3004 ἡ
1088 2926 1202 2987 Πολυ-

195 3033 309 3115 κρίτου
340 3036 401 3093 τοῦ
429 3030 537 3112 Κριοῦ
565 3024 687 3110 ἀνδρὸς
713 3025 898 3108 Αἰγινήτεω
927 3024 983 3110 νηί
1011 3025 1201 3111 ἐμβαλοῦσα

196 3136 357 3218 Σιδωνίη,
380 3133 401 3216 ή
423 3153 484 3215 περ
504 3123 568 3195 εἷλε
586 3131 647 3214 τήν
665 3129 969 3216 προφυλάσσουσαν
988 3129 1040 3196 ἐπί
1058 3134 1201 3221 Σαιάθφ

197 3243 257 3324 τὴν
279 3241 469 3323 Αἰγιναίην,
493 3233 542 3302 ἐπ’
568 3232 607 3320 ἧς
630 3239 723 3302 ἔπλεε
742 3235 879 3320 Πυθέης
902 3236 920 3302 ὁ
940 3231 1117 3322 Ἰσχενόου,
1140 3242 1202 3305 τὸν

198 3347 234 3411 οἰ
250 3344 377 3430 Πέρσαι
399 3341 622 3410 κατακοπέντα
646 3343 762 3429 ἀρετῆς
785 3342 893 3407 εἵνεκα
916 3337 1006 3428 εἰχον
1030 3345 1066 3411 ἐν
1085 3355 1125 3431 τῇ
1143 3345 1202 3429 νηί

199 3452 466 3534 ἐκπαγλεόμενοι·
488 3452 548 3516 τὸν
572 3451 613 3534 δή
636 3449 838 3534 περιάγουσα
861 3449 926 3532 ἅμα
946 3459 1032 3516 τοῖσι
1052 3451 1203 3538 Πέρσησι
