2678 3968
408 278 472 334 LIB.
488 278 560 334 VIII.
599 279 675 334 CAP.
696 286 816 336 16-22.
1054 281 1117 346 261

116 417 153 486 δέ
174 421 250 506 πέρι
272 423 333 506 τῆν
357 421 447 508 ὥρην
471 421 559 512 αὐτῷ
583 426 737 508 μελήσειν
759 425 841 488 ὥστε
860 424 991 504 ἀσινέας
1010 424 1120 491 ἀπικέ-

115 534 197 592 σθαι
224 528 257 605 ἐς
285 529 346 613 τὴν
368 525 519 593 Ἑλλάδα.
564 537 666 594 ταῦτα
696 527 796 613 ῆρεσέ
821 543 882 612 σφι
913 530 1038 596 ποιέειν
1065 539 1120 597 καί

115 635 232 700 αὐτίκα
260 644 327 720 πῦρ
356 635 622 720 ἀνακαυσάμενοι
654 635 833 720 ἐτράποντο
861 637 943 721 πρὸς
973 639 1013 701 τὰ
1040 642 1120 723 πρό-

114 744 206 824 βατα.
252 742 287 806 oc
313 743 377 824 γάρ
406 740 550 824 Εὐβοέες
576 741 865 827 παραχρησάμενοι
892 742 951 805 τὸν
978 741 1120 820 Βάκιδος
1138 767 1172 814 20

114 849 263 934 χρησμὸν
282 847 327 924 ὡς
344 843 444 912 οὐδὲν
462 846 611 930 λέγοντα,
632 847 707 913 οὔτε
721 871 753 913 τι
771 846 1000 932 ἐξεκομίσαντο
1021 845 1120 914 οὐδὲν

6 983 8 1012 ι
115 957 192 1020 οὔτε
214 954 437 1040 προεσάξαντο
461 955 505 1030 ὡς
522 953 751 1040 παρεσομένου
769 971 830 1039 σφι
849 953 1006 1038 πολέμου,
1029 975 1120 1039 περι-

27 1073 31 1086 ’
114 1059 211 1126 πετέα
233 1084 268 1125 τε
292 1061 488 1144 ἐποιήσαντο
507 1065 603 1144 σφίσι
626 1061 756 1126 αὐτοῖσι
778 1063 818 1126 τά
840 1063 1022 1146 πρήγματα.
1055 1062 1120 1126 Βά-

114 1169 183 1233 κιδι
205 1169 268 1250 γάρ
292 1163 356 1233 ὧδε
380 1170 446 1252 ἔχει
467 1165 542 1251 περὶ
564 1168 692 1232 τούτων
716 1167 734 1233 6
756 1169 916 1252 χρησμός·

162 1274 304 1356 Φράζεο,
327 1276 590 1358 βαρβαρόφωνος
613 1273 692 1338 όταν
717 1274 815 1356 ζυγὸν
838 1275 884 1350 είς
906 1273 968 1338 ἀλα
991 1272 1095 1357 βάλλῃ

159 1381 342 1462 Βύβλινον,
366 1379 512 1462 Εὐβοίης
535 1377 667 1462 ἀπέχειν
689 1379 924 1463 πολυμηκάδας
947 1373 1049 1462 αἶγας.

6 1511 8 1590 ;
115 1487 262 1552 τούτοισι
284 1481 385 1550 οὐδὲν
407 1495 494 1550 τοῖσι
517 1486 607 1550 ἔπεσι
630 1483 865 1569 χρησαμένοισι
888 1485 925 1550 ἐν
942 1496 1029 1550 τοῖσι
1047 1487 1120 1550 τότε

6 1593 8 1666 ἶ
114 1595 278 1678 παρεοῦσί
309 1615 345 1655 τε
379 1589 433 1655 καὶ
468 1591 723 1675 προσδοκίμοισι
757 1602 886 1656 κακοῖσι
918 1599 1027 1676 παρῆν
1059 1607 1121 1674 σφι

6 1761 7 1764 ,
115 1707 271 1785 συμφορῇ
294 1692 439 1783 χρᾶσθαι
461 1697 544 1782 πρὸς
565 1697 605 1760 τά
627 1696 772 1780 μέγιστα.
814 1696 849 1760 oc
869 1691 929 1780 μέν
953 1698 993 1780 δῆ
1017 1705 1120 1761 ταῦτα
1139 1721 1170 1769 21

116 1809 298 1890 ἔπρησσον,
325 1813 434 1889 παρῆν
463 1799 499 1868 δὲ
527 1802 545 1868 6
569 1802 605 1866 ἐκ
631 1805 794 1887 Τρηχῖνος
820 1802 1033 1879 κατάσκοπος.
1078 1799 1122 1886 ἦν

6 1993 7 2000 ¹
115 1909 177 1998 μὲν
208 1913 271 1996 γάρ
305 1906 353 1975 ἐπ’
385 1906 576 1996 Ἀρτεμισίῳ
609 1908 813 1984 κατάσκοπος
842 1909 994 1991 Πολύας,
1024 1907 1122 1992 γένος

6 2001 8 2064 ἶ
112 2017 330 2103 Ἀντικυρεύς,
354 2025 398 2104 τῷ
418 2013 666 2097 προσετέτακτο,
689 2012 742 2079 καλ
764 2009 829 2098 εἶχε
848 2019 967 2079 πλοῖον
984 2023 1121 2102 κατῆρες

115 2124 264 2208 ἕτοιμον,
297 2125 328 2188 εί
352 2124 507 2205 παλήσειε
540 2121 558 2186 ὁ
585 2121 739 2197 ναυτικὸς
766 2123 919 2206 στρατός,
947 2124 1121 2205 σημαίνειν

6 2239 8 2314 ξ
117 2241 203 2294 τοῖσι
231 2229 268 2294 ἐν
290 2229 522 2313 Θερμοπύλῃσι
546 2226 650 2292 ἐοῦσι·
685 2226 729 2302 ὣς
752 2223 782 2290 δ’
810 2227 917 2303 αὕτως
939 2221 981 2310 ῆν
1001 2223 1122 2312 Ἀβρίι-

7 2341 8 2348 ’
117 2359 209 2420 νιχος
227 2333 245 2400 6
259 2333 442 2410 Λυσικλέος
452 2330 629 2416 Ἀθηναῖος
646 2329 701 2396 καὶ
718 2333 806 2416 παρὰ
821 2335 973 2418 Λεωνίδη
993 2332 1122 2420 ἕτοιμος

115 2452 204 2506 τοῖσι
227 2437 276 2506 ἐπ’
299 2437 475 2526 Ἀρτεμισί,
514 2438 606 2504 ἐοῦσι
629 2436 799 2521 ἀγγέλλειν
822 2438 1060 2526 τριηκοντέρῳ,
1079 2441 1123 2524 ῆν

115 2573 148 2612 τι
182 2546 414 2630 καταλαμβάνῃ
449 2546 612 2630 νεώτερον
647 2545 706 2609 τὸν
741 2545 847 2623 πεζόν.
894 2539 990 2622 οὗτος
1026 2535 1074 2612 ὦν
1103 2543 1120 2611 ὁ

112 2650 312 2740 Ἀβρώνιχος
334 2652 533 2735 ἀπικόμενός
555 2666 615 2735 σφι
639 2649 794 2735 ἐσήμαινε
811 2652 852 2716 τά
870 2653 1028 2734 γεγονότα
1046 2649 1121 2730 περὶ

115 2761 293 2843 Λεωνίδην
315 2756 370 2823 καὶ
392 2759 451 2823 τὸν
475 2759 616 2842 στρατὸν
633 2757 746 2822 αὐτοῦ.
783 2757 818 2821 oc
834 2753 871 2820 δὲ
890 2755 935 2832 ὡς
953 2755 1121 2821 ἐπύθοντο

117 2876 229 2949 ταῦτα,
254 2864 362 2930 οάκέτι
385 2864 418 2941 ἐς
441 2863 605 2946 ἀναβολάς
627 2862 797 2928 ἐποιεῦντο
817 2862 878 2945 τῆν
897 2861 1120 2946 ἀποχώρησιν,

6 2987 7 2990 ’
117 2974 306 3058 ἐκομίζοντο
326 2967 363 3036 δὲ
377 2970 422 3046 ὡς
435 2969 566 3035 ἕκαστοι
580 2969 778 3053 ἐτάχθησαν,
792 2971 973 3052 Κορίνθιοι
987 2977 1121 3052 πρῶτοι,

116 3079 252 3145 ῦστατοι
276 3073 313 3143 δέ
332 3072 512 3160 Ἀθηναῖοι.
554 3072 743 3158 ’Ἀθηναίων
767 3071 803 3138 δὲ
825 3072 903 3150 νέας
924 3074 982 3150 τάς
1005 3074 1121 3158 ἀριστα
1140 3093 1173 3140 22

116 3185 281 3260 πλεούσας
312 3183 540 3268 ἐπιλεξάμενος
573 3179 810 3265 Θεμιστοκλέης
842 3179 1015 3263 ἐπορεύετο
1046 3177 1122 3264 περὶ

6 3379 7 3382 ¹
116 3292 158 3356 τά
176 3293 296 3376 πότιμα
310 3291 425 3372 ῦδατα,
445 3287 615 3372 ἐντάμνων
634 3286 671 3351 ἐν
688 3297 774 3351 τοῖσι
793 3288 921 3350 λίθοισι
938 3285 1121 3371 γράμματα,

6 3397 7 3412 ’
116 3398 158 3462 τά
172 3395 286 3474 Ἴωνες
309 3395 505 3470 ἐπελθόντες
526 3401 566 3480 τῆ
589 3392 745 3478 ὑστεραίῃ
769 3389 873 3477 ἡμέρῃ
894 3389 945 3456 ἐπὶ
962 3393 1000 3456 τὸ
1016 3389 1122 3478 Ἀρτε-

117 3505 232 3588 μίσιον
247 3501 446 3580 ἐπελέξαντο.
482 3502 522 3565 τά
537 3495 574 3564 δέ
588 3498 759 3585 γράμματα
773 3497 851 3595 τάδε
866 3500 970 3580 ἔλεγε·
983 3497 1122 3577 ’Ἄνδρες
