2678 3970
429 237 497 293 LIB.
515 236 576 292 VII.
612 235 689 292 OAP.
709 243 830 293 35-38.
1076 239 1140 307 159

132 377 250 456 θέντες
279 375 315 445 δέ
343 378 456 464 ἐπεξῆς
488 379 635 446 ἐνθαῦτα
662 375 754 458 αὖτις
777 380 1002 466 ἐπεζεύγνυον.
1047 388 1141 468 ποιή-

132 501 250 562 σαντες
278 481 315 552 δέ
341 495 444 551 ταῦτα
466 485 551 569 ύλην
574 485 800 571 ἐπεφόρησαν,
827 490 938 576 κόσμῳ
963 487 999 555 δέ
1022 488 1140 556 θέντες

131 589 187 656 καὶ
211 593 274 675 τήν
302 590 389 675 ύλην
417 601 482 676 γῆν
510 591 735 678 ἐπεφόρησαν,
762 593 999 672 κατανάξαντες
1027 593 1063 661 δέ
1084 595 1141 662 καὶ

55 689 57 694 ’
133 698 197 780 τήν
223 706 288 780 γῆν
316 699 472 782 φραγμὸν
500 701 705 783 παρείρυσαν
733 701 834 765 ένθεν
860 697 916 764 καί
939 703 1054 784 ἐνθεν,
1084 702 1140 768 ἵνα

132 804 176 887 μὴ
201 801 363 886 φοβέηται
389 804 429 868 τά
455 802 617 888 ὑποζύγια
642 806 704 888 τήν
725 805 901 870 θάλασσαν
927 805 1140 890 ὑπερορῶντα

15 923 16 934 ’
133 906 200 990 [καὶ
224 909 260 974 οί
279 909 395 990 ἵπποι].
432 907 477 986 ὡς
500 906 537 974 δέ
558 908 599 974 τά
616 933 650 975 τε
669 921 736 974 τῶν
754 908 929 996 γεφυρέων
946 912 1139 976 κατεσκεύα-
1157 929 1194 980 3¹1

132 1030 191 1080 στο
214 1011 271 1080 καί
292 1016 334 1080 τδι
352 1012 427 1100 περὶ
449 1016 509 1081 τὸν
523 1013 655 1099 Ἄθων,
681 1017 770 1082 οἵτε
792 1014 887 1101 χυτοὶ
907 1014 983 1103 περὶ
1005 1018 1045 1082 τά
1067 1019 1140 1083 στύ·

131 1143 217 1205 ματα
235 1129 293 1204 τῆς
316 1121 490 1206 διώρυχος,
514 1125 550 1187 οἳ
569 1131 627 1206 τῆς
645 1121 761 1207 ῥηχίης
778 1123 903 1188 εἵνεκεν
922 1122 1139 1208 ἐποιήθησαν,

131 1227 188 1291 ἵνα
222 1228 266 1312 μή
298 1230 479 1312 πίμπληται
514 1229 554 1293 τά
586 1231 730 1313 στύματα
761 1237 821 1294 τοῦ
853 1229 1053 1315 ὀρύγματος,
1084 1227 1139 1293 καὶ

132 1333 215 1417 αὐτή
242 1331 264 1417 ή
288 1332 410 1418 διῶρυξ
439 1331 623 1410 παντελέως
645 1332 847 1420 πεποιημένη
871 1334 1059 1418 ἀγγέλλετο,
1087 1334 1139 1402 ἐν·

130 1445 242 1504 θαῦτα
274 1442 461 1525 χειμερίσας
496 1439 563 1523 άμα
598 1446 644 1528 τῷ
677 1442 749 1523 ἔαρι
782 1439 1088 1525 παρεσκευασμένος
1119 1440 1139 1506 δ

131 1545 271 1630 στρατὸς
302 1543 338 1611 ἐκ
368 1555 436 1610 τῶν
467 1545 627 1630 Σαρδίων
658 1544 781 1630 ὁρμᾶτο
815 1545 899 1611 ἐλῶν
926 1545 960 1622 ἐς
982 1545 1138 1629 Ἄβυδον.

132 1649 307 1738 ὁρμημένῳ
332 1647 372 1715 δέ
388 1651 424 1715 οί
443 1649 461 1716 ὁ
485 1651 578 1734 ήλιος
601 1650 744 1716 ἐκλιπὼν
765 1651 827 1734 τήν
850 1651 886 1716 ἐκ
907 1660 968 1716 τοῦ
990 1652 1139 1735 ούρανοῦ

131 1757 234 1842 ἕδρην
257 1755 388 1840 ἀφανής
409 1751 452 1840 ἦν
475 1750 546 1820 οὔτ’
573 1755 776 1839 ἐπινεφέλων
799 1755 924 1822 έάντων
947 1759 1081 1840 αίθριής
1102 1779 1138 1822 τε

12 1919 16 1940 ,
131 1864 171 1928 τά
200 1863 354 1948 μάλιστα,
386 1859 459 1927 ἀντὶ
485 1860 609 1948 ἡμέρης
630 1884 665 1927 τε
692 1861 753 1940 νὺξ
781 1859 919 1945 ἐγένετο.
967 1863 1073 1926 ι’δόντι
1099 1859 1137 1927 δέ

131 1966 186 2035 καί
218 1970 363 2053 μαθόντι
393 1976 492 2033 τοῦτο
523 1975 568 2056 τῷ
599 1965 703 2053 Ξέρξη
732 1963 880 2051 ἐπιμελὲς
907 1967 1050 2051 ἐγένετο,
1082 1965 1137 2032 καὶ

131 2081 237 2160 είρετο
268 2075 347 2151 τοὺς
375 2074 501 2158 μάγους
531 2075 570 2139 τὸ
597 2072 694 2138 θέλοι
721 2077 921 2158 προφαίνειν
947 2073 985 2138 τὸ
1013 2071 1136 2157 φάσμα.

132 2182 168 2246 οί
188 2176 225 2246 δέ
248 2183 391 2265 ἔφραζον
414 2179 459 2256 ὡς
473 2177 610 2262 Ἕλλησι
627 2179 839 2262 προδεικνύει
857 2177 875 2244 δ
893 2179 974 2254 θεὸς
992 2178 1137 2256 ἔκλειψιν

131 2297 199 2352 τῶν
213 2289 349 2368 πολίων,
368 2283 520 2369 λέγοντες
533 2285 630 2368 ήλιον
644 2279 729 2350 εἶναι
737 2280 906 2367 Ἑλλήνων
919 2283 1135 2368 προδέκτορα,

131 2393 276 2476 σελήνην
299 2387 337 2456 δέ
359 2389 482 2475 σφέων.
522 2399 625 2456 ταῦτα
647 2393 839 2474 πυθόμενος
861 2388 880 2455 δ
903 2387 1025 2474 Ξέρξης
1047 2410 1137 2475 περι-

131 2498 234 2584 χαρής
261 2496 326 2563 έδιν
349 2494 492 2562 ἐποιέετο
515 2496 577 2580 τήν
599 2498 721 2562 ἔλασιν.
770 2494 815 2572 ὡς
838 2489 871 2560 δ’
896 2493 1052 2578 ἐξήλαυνε
1075 2496 1136 2578 τήν
1155 2511 1189 2561 38

132 2605 305 2690 στρατιήν,
332 2603 466 2678 Πύθιος
493 2601 511 2667 δ
534 2603 647 2678 Λυδὸς
673 2601 929 2686 καταρρωδήσας
957 2601 995 2665 τὸ
1019 2600 1055 2666 ἐκ
1076 2609 1137 2665 τοῦ

133 2709 282 2794 ούρανοῦ
309 2708 424 2792 φάσμα
450 2706 623 2792 ἐπαερθείς
648 2730 684 2772 τε
714 2716 801 2772 τοῖσι
828 2706 1000 2791 δωρήμασι
1027 2703 1136 2769 ἐλθὼν

131 2815 221 2900 παρά
243 2812 370 2898 Ξέρξην
396 2815 487 2895 ἐλεγε
513 2811 604 2877 τάδε·
631 2802 670 2875 Ὠ
692 2809 850 2892 δέσποτα,
878 2811 1015 2892 χρηίσας
1041 2808 1083 2872 άν
1105 2832 1137 2872 τι

12 2923 15 2956 ί
133 2929 193 2986 σεῦ
217 2921 402 3003 βουλοίμην
427 2928 554 3002 τυχεῖν,
582 2917 619 2982 τὸ
647 2913 701 2980 σοὶ
731 2911 792 2999 μέν
814 2913 960 2996 ἐλαφρὸν
982 2913 1137 2996 τυγχάνει

134 3027 192 3093 ἐὸν
214 3026 437 3109 ὑπουργῆσαι,
461 3021 534 3108 ἐμοὶ
557 3019 594 3088 δέ
617 3021 699 3106 μέγα
721 3020 911 3103 γενόμενον.
954 3014 1077 3102 Ξέρξης
1100 3015 1137 3082 δέ

132 3142 200 3199 πᾶν
222 3135 349 3218 μᾶλλον
372 3129 498 3195 δοκέων
516 3153 574 3214 μιν
596 3129 745 3213 χρηίσειν
767 3122 787 3206 ή
806 3124 843 3186 τὸ
863 3121 997 3204 ἐδεήθη,
1020 3125 1084 3206 ἐφη
1101 3146 1137 3188 τε

134 3240 359 3324 ὑπουργήσειν
380 3233 435 3300 καί
458 3236 499 3318 δή
522 3233 695 3318 άγορεύειν
718 3227 846 3295 ἐκέλευε
867 3227 942 3296 ὅτευ
961 3225 1078 3293 δέοιτο.
1117 3229 1137 3295 δ

135 3343 173 3411 δὲ
196 3343 300 3410 ἐπείτε
322 3351 424 3408 ταῦτα
445 3343 577 3425 ήκουσε,
600 3341 691 3421 ἐλεγε
712 3335 883 3420 θαρσήσας
904 3332 996 3398 τάδε·
1024 3323 1063 3397 Ὠ
1086 3333 1137 3398 δέ-

135 3467 251 3532 σποτα,
272 3448 477 3532 τυγχάνουσί
493 3469 550 3532 μοι
572 3444 687 3520 παῖδες
705 3441 814 3518 ἐόντες
831 3438 937 3522 πέντε,
960 3441 1019 3503 καί
1034 3454 1138 3525 σφεας
