2678 3970
475 286 543 344 LIB.
562 287 623 344 vn.
659 289 736 345 cAP.
755 295 875 346 νι-νο.
1118 291 1181 354 155

179 431 322 511 Φρυγῶν
351 432 450 514 λόγος
481 433 547 516 ἔχει
564 432 639 499 Ᾰὺπὸ
665 430 871 510 ’Λπόλλωνος
898 433 1076 520 ἐκδαρέντα
1103 434 1181 500 ἀνα-

176 542 413 620 κρεμασθῆναι.
453 537 490 604 ἐν
513 539 615 625 ταύτῃ
632 548 671 624 τῇ
690 543 766 606 πόλι
785 540 1031 624 ὑποκατήμενος
1049 541 1182 618 Πύθιος
1201 560 1234 609 27

177 639 335 719 δ’Ἁπνος
357 643 441 729 ἀνήρ
464 646 579 722 Λυδὸς
606 645 743 724 ἐξείνισε
765 647 827 730 τήν
850 645 1003 729 βασιλέος
1026 647 1183 731 στρατιήν

175 756 284 814 πᾶσαν
308 747 458 827 ξεινίοισι
476 753 660 836 μεγίστοισι
676 749 734 818 καὶ
753 751 855 817 αὐτὸν
874 749 1011 837 Ξέρξην,
1035 751 1183 836 χρήματά

175 879 210 921 τε
238 855 453 940 ἐπαγγέλλετο
481 859 684 942 βουλόμενος
712 857 745 934 ἐς
770 859 830 923 τὸν
852 860 997 941 πόλεμον
1019 857 1183 942 παρέχειν.

176 961 462 1046 ἐπαγγελλομένου
476 959 513 1028 δὲ
527 965 676 1050 χρήματα
689 967 827 1030 Πυθίου
841 969 946 1050 εἴρετο
960 961 1083 1048 Ξέρξης
1097 966 1183 1048 Περ·

175 1067 262 1134 σέων
284 1070 363 1145 τοὺς
384 1072 568 1154 παρεόντας
594 1073 644 1147 τίς
665 1093 701 1136 τε
729 1071 793 1136 ἐὼν
816 1069 950 1155 ἀνδρῶν
973 1070 1106 1145 Πύθιος
1128 1066 1182 1133 καὶ

175 1177 258 1241 κόσα
286 1177 434 1261 χρήματα
462 1175 638 1261 ἐκτημένος
665 1176 896 1261 ἐπαγγέλλοιτο
929 1184 1040 1241 ταῦτα.
1086 1174 1122 1240 οί
1146 1173 1182 1239 δέ

176 1277 285 1347 εἶπαν·
303 1272 342 1346 Ὠ
365 1285 519 1365 βασιλεῦ,
543 1277 641 1360 οὗτός
663 1283 732 1348 ἐστι
755 1283 791 1368 ός
812 1305 865 1348 τοι
886 1283 945 1348 τὸν
967 1280 1090 1367 πατέρα
1113 1285 1183 1346 Δα-

176 1399 269 1473 ρεῖον
301 1387 491 1472 ἐδωρήσατο
522 1397 562 1473 τη
594 1392 800 1477 πλατανίστῳ
831 1397 871 1474 τῇ
903 1387 1025 1474 χρυσέη
1056 1385 1112 1452 καὶ
1143 1396 1182 1472 τῇ

176 1493 325 1582 ἀμπέλῳ·
358 1493 394 1572 ὃς
420 1491 475 1559 καὶ
502 1503 566 1561 νῦν
593 1495 662 1562 ἐστι
688 1506 817 1580 πρῶτος
839 1495 1028 1581 ἀνθρώπων
1051 1493 1181 1580 πλούτιμ

175 1611 243 1666 τῶν
265 1599 359 1684 ήμείς
382 1601 478 1684 ίδμεν
500 1603 580 1686 μετά
602 1599 648 1668 σέ.
689 1602 850 1687 θωμάσας
873 1599 910 1667 δὲ
931 1613 999 1666 τῶν
1022 1598 1127 1666 ἐπέων
1144 1600 1182 1664 τὸ
1201 1620 1236 1668 28

175 1711 365 1772 τελευταῖον
384 1705 506 1792 Ξέρξης
529 1707 628 1785 αὐτὸς
646 1708 783 1794 δεύτερα
802 1713 907 1794 είρετο
927 1709 1062 1772 Πύθιον
1081 1705 1183 1771 ὁκόσα

176 1815 212 1878 οί
232 1817 282 1897 είη
305 1813 461 1898 χρήματα.
508 1813 526 1879 ὁ
550 1811 587 1879 δέ
609 1808 691 1880 εἷπε·
713 1805 753 1878 Ὠ
775 1817 922 1897 βασιλεῦ,
946 1813 1022 1878 ούτε
1045 1828 1082 1877 σε
1104 1811 1183 1876 ἀπο-

176 1919 292 2003 κρύψω
325 1919 402 1984 οὔτε
434 1921 601 2004 σκήψομαι
632 1921 669 1986 τὸ
700 1921 743 2005 μή
776 1917 900 1986 εἰδέναι
927 1919 989 2002 τήν
1017 1918 1183 2002 ἐμεωυτοῦ

177 2025 307 2108 οὐσίην,
327 2021 398 2090 ἀλλ’
416 2025 629 2110 ἐπιστάμενός
642 2049 694 2091 τοι
708 2023 867 2112 ἀτρεκέως
880 2022 1053 2102 καταλέξω.
1079 2023 1183 2089 ἐπείτε

177 2132 239 2216 γάρ
263 2131 399 2216 τάχιστά
421 2147 458 2197 σε
480 2131 654 2216 ἐπυθόμην
678 2129 730 2197 ἐπὶ
748 2132 924 2197 θάλασσαν
941 2132 1183 2214 καταβαίνοντα

180 2239 237 2321 τήν
255 2232 443 2322 Ἑλληνίδα,
465 2240 668 2323 βουλόμενός
690 2261 742 2304 τοι
765 2239 884 2304 δοῦναι
907 2236 940 2314 ἐς
960 2237 1020 2303 τὸν
1036 2238 1182 2320 πόλεμον

176 2346 324 2428 χρήματα
355 2341 532 2428 ἐξέμαθον,
565 2341 620 2408 καὶ
652 2338 753 2430 εὗρον
780 2345 989 2428 λογιζόμενος
1021 2342 1183 2428 ἀργυρίου

51 2497 55 2506 ·
176 2447 237 2534 μὲν
270 2450 331 2514 δύο
359 2449 508 2533 χιλιάδας
535 2447 653 2526 ἐούσας
680 2472 736 2533 μοι
762 2448 948 2531 ταλάντων,
976 2451 1117 2534 χρυσίου
1146 2442 1183 2513 δὲ

176 2555 386 2640 τετρακοσίας
408 2553 571 2638 μυριάδας
593 2555 765 2640 στατήρων
778 2560 964 2640 Δαρεικῶν,
989 2554 1183 2628 ἐπιδεούσας

177 2660 256 2727 ἑπτά
278 2660 445 2746 χιλιάδων.
490 2657 545 2724 καὶ
567 2661 718 2725 τούτοισί
738 2676 775 2726 σε
798 2660 861 2743 ἐγὼ
886 2657 1065 2745 δωρέομαι·
1093 2658 1182 2746 αὐτῷ

177 2767 217 2834 δέ
237 2789 294 2853 μοι
313 2766 376 2832 ἀπὸ
395 2765 617 2850 ἀνδραπόδων
634 2789 669 2836 τε
686 2763 742 2832 καὶ
759 2767 950 2850 γεωπεδίων
967 2762 1095 2849 ἀρκέων
1114 2760 1182 2828 ἐστὶ

176 2877 256 2956 βίος.
294 2873 312 2938 ὁ
335 2870 396 2958 μὲν
413 2880 517 2938 ταῦτα
535 2874 637 2956 ἔλεγε,
660 2869 783 2957 Ξέρξης
801 2869 839 2936 δὲ
855 2867 973 2954 ήσθεὶς
989 2880 1076 2933 τοῖσι
1095 2870 1182 2953 είρη·

175 2979 305 3064 μένοισι
338 2973 420 3044 εἷπε·
454 2977 550 3052 Ξείνε
577 2975 685 3060 Λυδέ,
717 2977 781 3059 ἐγὼ
813 2975 918 3040 ἐπείτε
947 2973 1089 3058 ἐξῆλθον
1120 2974 1182 3057 τήν
1201 2993 1235 3041 29

177 3086 327 3171 Περσίδα
349 3085 477 3170 χώρην,
502 3079 615 3148 οὐδενὶ
638 3079 736 3167 ἀνδρὶ
758 3079 916 3166 συνέμιξα
938 3080 971 3158 ἐς
992 3081 1070 3145 τόδε
1093 3080 1182 3157 ὅστις

174 3191 320 3276 ἠθέλησε
343 3190 448 3269 ξείνια
470 3195 648 3274 προθεῖναι
670 3194 798 3276 στρατῷ
820 3194 866 3275 τῷ
890 3185 969 3274 ἐμῷ,
993 3181 1072 3252 ούδδ
1093 3186 1182 3263 ὅστις

175 3298 209 3375 ἐς
232 3300 313 3377 όψιν
335 3298 397 3381 τήν
420 3295 502 3381 ἐμήν
524 3293 684 3370 καταστάς
707 3292 965 3377 αὐτεπάγγελτος
988 3290 1021 3369 ἐς
1041 3292 1101 3358 τὸν
1124 3294 1182 3357 πό-

176 3409 276 3488 λέμον
304 3399 376 3487 ἐμοὶ
404 3401 549 3486 ήθέλησε
576 3397 806 3485 συμβαλέσθαι
832 3399 996 3484 χρήματα,
1025 3396 1085 3476 ἐξω
1113 3407 1181 3463 σεῦ.

176 3512 218 3574 σὺ
251 3506 288 3574 δέ
316 3507 371 3574 καὶ
399 3507 558 3586 ἐξείνισας
585 3505 732 3591 μεγάλως
761 3505 903 3588 στρατὸν
932 3505 993 3571 τὸν
1020 3503 1101 3586 ἐμὸν
1126 3501 1181 3569 καὶ
