2678 3970
422 250 488 308 ΜΒ.
504 251 563 308 v11.
600 251 676 307 υΑΡ.
698 258 852 310 εει-ιιι.
1084 256 1144 321 195

140 394 192 460 ὅτι
218 394 280 479 τήν
306 397 375 462 ἀνω
403 395 485 462 ὁδὸν
513 398 626 480 ἔμελλε
655 396 733 462 ἐλᾶν
763 399 818 462 διδι
839 400 1049 465 Μακεδόνων
1075 411 1144 466 τῶν

139 501 327 588 κατύπερθε
364 500 549 586 οἰκημένων
585 502 619 580 ἐς
650 506 860 588 Περραιβοὺς
891 507 978 590 παρὰ
1012 509 1143 573 Γόννον

140 609 251 672 πόλιν·
274 609 375 694 ταύτη
398 609 462 695 γάρ
480 593 729 694 ἀσφαλέστατον
747 609 953 676 ἐπυνθάνετο
972 607 1066 677 εἶναι.
1099 613 1144 690 ὡς

141 709 179 779 δὲ
201 713 404 799 ἐπεθύμησε,
431 713 487 780 καὶ
514 715 620 781 ἐποίεε
647 725 762 781 ταῦτα·
797 716 894 800 ἐσβὰς
917 716 950 792 ἐς
972 719 1144 802 Σιδωνίην

140 819 210 902 νέα,
235 820 268 898 ἐς
289 822 351 905 τήν
373 842 434 908 περ
457 820 607 905 ἐσέβαινε
630 820 695 886 αίεὶ
718 822 802 898 ὅκως
823 844 856 886 τι
879 821 991 887 έθέλοι
1013 833 1143 888 τοιοῦτο

7 947 11 970 ι
140 935 287 1010 ποιήσαι,
310 925 441 1006 ἀνέδεξε
464 930 606 1012 σημήιον
624 925 680 993 καὶ
696 939 783 993 τοῖσι
802 929 931 994 ἀλλοισι
950 927 1144 1012 ἀνοίγεσθαι,

141 1034 328 1098 καταλιπὼν
351 1033 454 1100 αὐτοῦ
475 1036 535 1100 τὸν
557 1035 654 1112 πεζὸν
677 1037 826 1120 στρατόν.
864 1033 934 1100 ἐπεὶ
956 1031 994 1100 δὲ
1012 1035 1143 1100 ἀπίκετο

140 1137 196 1204 καὶ
223 1139 384 1223 ἐθεήσατο
411 1139 534 1226 Ξέρξης
560 1141 622 1226 τήν
656 1141 795 1224 ἐκβολήν
826 1149 888 1206 τοῦ
916 1145 1080 1224 Πηνειοῦ,
1108 1141 1144 1206 ἐν

142 1245 272 1330 θώματι
303 1247 432 1333 μεγάλῳ
465 1245 629 1332 ἐνέσχετο,
660 1246 800 1324 καλέσας
834 1244 872 1312 δὲ
902 1249 981 1324 τοὺς
1009 1269 1144 1330 κατηγε-

141 1355 246 1437 μόνας
267 1361 324 1436 τής
346 1351 429 1418 ὁδοῦ
451 1358 556 1438 είρετο
584 1355 615 1418 εί
635 1353 695 1418 τὸν
721 1354 870 1437 ποταμὸν
894 1355 962 1418 ἐστι
985 1353 1145 1439 παρατρέ-

142 1470 250 1538 ψαντα
274 1457 367 1545 ἑτέρη
390 1459 423 1536 ἐς
444 1459 619 1526 θάλασσαν
642 1458 821 1542 ἐξαγαγεῖν.
866 1459 929 1542 τήν
953 1456 989 1524 δὲ
1011 1464 1197 1537 &ewa-129

142 1569 218 1649 λίην
249 1567 348 1648 λόγος
378 1563 448 1631 ἐστὶ
473 1567 511 1630 τὸ
538 1567 680 1631 παλαιὸν
708 1560 792 1630 εἶναι
824 1569 960 1649 λίμνην,
993 1566 1076 1630 ὥστε
1107 1588 1145 1648 γε

142 1671 423 1757 συγκεκληιμένην
449 1672 618 1737 πάντοθεν
645 1672 845 1756 ὑπερμήκεσι
872 1674 973 1757 όρεσι.
1017 1672 1058 1736 τδι
1084 1667 1145 1754 μέν
1227 1665 1233 1686 '

142 1779 205 1864 γὰρ
235 1778 336 1861 αὐτῆς
361 1780 444 1863 πρὸς
469 1779 530 1862 τήν
562 1778 610 1861 ήῶ
639 1780 755 1862 ἔχοντα
782 1780 820 1843 τό
846 1801 881 1844 τε
910 1779 1039 1860 Πήλιον
1067 1778 1146 1862 ὄρος

7 1949 22 1978 ,
142 1883 198 1950 καὶ
214 1883 235 1968 ή
249 1883 353 1950 ’Όσσα
371 1884 541 1967 ἀποκληίει
559 1887 786 1968 συμμίσγοντα
803 1884 861 1960 τάς
881 1882 1031 1968 ὑπωρίας
1049 1882 1145 1966 ἀλλή-

142 1996 241 2073 λοισι,
264 1993 304 2056 τὰ
325 1987 362 2056 δὲ
383 1991 466 2076 πρὸς
488 1989 595 2075 βορέω
618 1989 742 2073 ἀνέμου
751 1988 927 2073 Ὄλυμπος,
945 1991 986 2053 τδι
1005 1985 1041 2053 δὲ
1063 1990 1146 2075 πρὸς

144 2096 285 2182 ἕσπέρην
303 2097 442 2179 Πίνδος,
460 2097 501 2162 τὰ
519 2092 556 2161 δὲ
573 2097 656 2181 πρὸς
673 2098 879 2180 μεσαμβρίην
896 2117 932 2159 τε
949 2093 1004 2159 καὶ
1022 2095 1145 2179 ἀνεμον

142 2205 243 2268 νότον
265 2202 286 2286 ή
309 2201 448 2288 Ὄθρυς·
470 2203 508 2268 τὸ
531 2201 633 2287 μέσον
657 2199 693 2266 δὲ
714 2201 842 2266 τούτων
869 2211 935 2265 τῶν
958 2200 1145 2284 λεχθέντων

144 2306 250 2393 ὀρέων
276 2308 298 2392 ή
320 2311 484 2392 Θεσσαλίη
508 2306 577 2374 ἐστὶ
599 2308 700 2374 έοῦσα
721 2310 826 2390 κοίλη.
872 2307 954 2372 ὥστε
978 2302 1025 2372 ὧν
1047 2329 1145 2372 ποτα-

144 2425 216 2499 μῶν
240 2415 274 2492 ἐς
295 2414 400 2498 αὐτήν
421 2413 477 2481 καλ
492 2415 608 2480 ,ἀλλων
632 2424 764 2499 συχνῶν
783 2413 1025 2496 ἐσβαλλόντων,
1049 2412 1146 2479 πέντε

144 2519 182 2588 δὲ
213 2532 280 2586 τῶν
312 2523 460 2605 δοκίμων
487 2521 625 2606 μάλιστα
651 2521 772 2603 τῶνδε,
804 2524 954 2602 Πηνειοῦ
979 2518 1035 2584 καλ
1058 2515 1146 2584 Ἀπι-

145 2630 250 2695 δανοῦ
279 2626 335 2694 καλ
360 2625 545 2712 Ὀνοχώνου
576 2625 631 2692 καλ
654 2623 802 2702 Ἐνιπέος
827 2623 883 2690 καλ
910 2629 1082 2709 Παμίσου,
1114 2625 1149 2688 οί

144 2735 205 2820 μέν
223 2759 288 2801 νυν
306 2735 341 2811 ἐς
356 2735 395 2799 τὸ
412 2735 529 2800 πεδίον
546 2741 644 2800 τοῦτο
658 2734 894 2815 συλλεγόμενοι
909 2731 945 2796 ἐκ
957 2742 1024 2795 τῶν
1039 2728 1145 2814 ὀρέων

144 2853 211 2908 τῶν
241 2843 501 2927 περικληιόντων
526 2841 587 2923 τήν
616 2842 801 2920 Θεσσαλίην
829 2837 1066 2927 ὀνομαζόμενοι
1098 2832 1142 2898 δι’
1227 2849 1235 2861 ’

7 2941 25 2970 ’
145 2947 219 3026 ἑνὸς
249 2948 400 3024 αὐλῶνος
430 2943 486 3012 καὶ
511 2947 632 3012 τούτου
664 2953 796 3010 στεινοῦ
828 2945 946 3026 ἔκροον
973 2943 1086 3025 ἔχουσι
1113 2941 1146 3016 ἐς

144 3055 330 3138 θάλασσαν,
352 3056 658 3140 προσυμμίσγοντες
675 3053 712 3116 τὸ
731 3051 823 3132 ὐδωρ
841 3048 961 3123 πάντες
979 3047 1012 3122 ἐς
1029 3046 1145 3112 τώυτό.

145 3161 243 3226 ἐπεὰν
272 3157 309 3226 δὲ
335 3159 564 3245 συμμιχθέωσι
585 3157 733 3242 τάχιστα,
762 3155 920 3220 ἐνθεῦτεν
946 3154 1010 3236 ήδη
1034 3151 1052 3220 ὁ
1075 3159 1146 3237 Πη-

145 3270 233 3346 νειὸς
258 3277 303 3354 τῷ
328 3267 486 3351 οὐνόματι
508 3260 737 3349 κατακρατέων
764 3260 960 3343 ἀνωνύμους
986 3261 1064 3336 τοὺς
1090 3259 1146 3324 ἀλ-

145 3379 224 3451 λους
247 3369 333 3440 εἶναι
354 3371 466 3438 ποιέει.
505 3372 542 3436 τὸ
566 3367 603 3435 δὲ
625 3369 767 3433 παλαιὸν
789 3365 927 3449 λέγεται,
951 3365 1011 3430 οὐκ
1034 3365 1147 3440 ἐόντος

145 3503 191 3545 κω
214 3489 275 3544 τοῦ
297 3479 446 3555 αὐλῶνος
467 3476 523 3542 καὶ
545 3477 698 3561 διεκρόου
720 3474 856 3554 τούτου,
879 3473 957 3548 τούς
979 3473 1146 3556 ποταμοὺς

883 3575 934 3629 13*
