2640 3960
410 215 476 270 τοι.
492 216 524 273 v.
563 216 638 272 οιε.
658 223 780 285 ιο-νι,
800 219 824 290 ρ.
1072 219 1114 281 47

105 361 231 426 τούτου
263 361 387 426 εἵνεκεν
420 362 518 426 τόνδε
545 384 579 425 τε
603 357 732 444 Ἱππίην
761 361 1035 447 μετεπεμψάμεθα
1062 361 1117 428 καὶ

106 465 211 550 ὑμέας
234 466 297 532 ἀπὸ
319 477 386 530 τῶν
409 469 545 550 πολίων,
569 467 625 532 ἵνα
648 475 749 554 κοινῷ
773 489 807 531 τε
830 470 917 554 λόγῳ
941 465 995 532 καὶ
1013 469 1115 554 κοινῷ

108 575 216 659 στόλῳ
241 573 457 656 ἐσαγαγόντες
480 571 582 639 αὐτὸν
601 572 634 649 ἐς
651 574 709 649 τάς
724 569 867 656 Ἀθήνας
886 572 1059 656 ἀποδῶμεν
1078 575 1117 637 τά

108 677 164 743 καὶ
192 678 402 762 ἀπειλόμεθα.
449 678 484 743 ολ
508 675 569 763 μὲν
595 687 697 742 ταῦτα
725 681 854 761 ἔλεγον,
882 689 949 743 τῶν
977 675 1013 744 δὲ
1036 695 1117 764 συμ-
1136 697 1169 746 92

108 784 224 868 μάχαν
246 786 283 849 τὸ
306 789 434 867 πλῆθος
458 784 518 849 ούκ
543 782 708 850 ἐνεδέκετο
730 785 809 860 τοὺς
831 786 960 866 λόγους.
1002 785 1037 849 οί
1056 783 1116 869 μέν

107 915 175 956 ννν
207 892 301 955 ἀλλοι
332 889 473 974 ἡσυχίην
505 885 603 972 ἦγον,
638 893 824 974 Κορίνθιος
861 885 898 954 δέ
929 889 1117 972 Σώσικλέης

109 996 197 1074 ἔλεξε
220 995 311 1060 τάδε·
333 987 438 1080 Ἤδη
463 997 480 1062 ὅ
504 1019 538 1061 τε
561 996 704 1078 οὐρανὸς
727 999 844 1081 ἔνερθε
867 999 958 1062 ἔσται
980 1005 1036 1080 τῆς
1058 1005 1118 1078 γης
1136 1026 1155 1059 α

107 1102 164 1168 καὶ
192 1102 212 1184 ἡ
236 1110 277 1186 γη
301 1100 461 1186 μετέωρος
484 1097 566 1184 ὑπὲρ
590 1111 650 1167 τοῦ
673 1102 836 1189 ούρανοῦ,
864 1099 919 1166 καὶ
942 1103 1117 1185 ἄνθρωποι

108 1210 217 1293 νομὸν
250 1207 287 1273 έν
317 1208 470 1294 θαλάσση
503 1206 614 1285 ἕξουσι
645 1205 700 1272 καὶ
729 1209 843 1292 ἰχθύες
869 1209 929 1273 τὸν
955 1209 1117 1291 πρότερον

110 1318 296 1398 ἄνθρωποι,
321 1314 374 1378 ὅτε
396 1337 433 1396 γε
456 1313 565 1398 ὑμεῖς,
590 1309 616 1378 ὦ
638 1315 907 1398 Λακεδαιμόνιοι,
932 1315 1119 1398 ἰσοκρατίας

109 1421 330 1495 καταλύοντες
356 1421 556 1505 τυραννίδας
584 1419 617 1496 ἐς
643 1422 701 1496 τὰς
723 1421 816 1496 πόλις
838 1420 992 1502 κατάγειν
1015 1441 1118 1502 παρα-

110 1526 324 1608 σκευάζεσθε,
360 1534 421 1591 τοῦ
459 1527 534 1590 οὔτε
571 1525 772 1612 ἀδικώτερόν
809 1525 877 1592 ἐστι
910 1523 1010 1590 οὐδὲν
1041 1519 1116 1590 κατ’

111 1633 312 1716 ἀνθρώπους
340 1632 415 1697 οὔτε
443 1633 717 1716 μιαιφονώτερον.
763 1633 794 1696 εί
814 1633 878 1718 γάρ
897 1633 938 1716 δὴ
961 1633 1059 1696 τοῦτό
1081 1655 1119 1713 γε

111 1739 218 1804 δοκέει
252 1737 331 1822 ὑμίν
364 1733 448 1802 εἶναι
480 1739 623 1823 χρηστὸν
657 1738 740 1802 ὥστε
767 1739 1030 1823 τυραννεύεσθαι
1062 1738 1119 1812 τάς

110 1848 220 1927 πόλις,
253 1841 346 1909 αὐτοὶ
378 1855 503 1928 πρῶτοι
529 1845 697 1929 τύραννον
723 1843 1004 1927 καταστησάμενοι
1031 1843 1119 1927 παρὰ

112 1953 208 2035 σφίσι
240 1949 369 2014 αὐτοῖσι
402 1950 488 2014 οὕτω
521 1948 575 2014 καὶ
610 1959 697 2014 τοῖσι
724 1950 853 2014 ἀλλοισι
882 1949 1017 2032 δίζησθε
1044 1970 1118 2012 κατ-

112 2057 256 2122 ιστάναι·
288 2064 352 2120 νῦν
381 2053 418 2119 δὲ
446 2053 541 2120 αὐτοὶ
568 2055 742 2139 τυράννοιν
771 2057 901 2138 ἀπειροι
929 2054 1038 2130 ἐόντες
1064 2052 1119 2118 καλ

112 2163 340 2248 φυλάσσοντες
362 2169 462 2226 τοῦτο
486 2161 657 2224 δεινότατα
681 2159 717 2224 ἐν
739 2168 778 2245 τῇ
802 2160 939 2246 Σπάρτῃ
962 2161 1006 2244 μὴ
1029 2159 1118 2244 γενέ-

113 2276 210 2351 σθαι,
242 2273 458 2352 παραχρᾶσθε
491 2265 524 2342 ές
554 2269 631 2342 τοὺς
664 2267 868 2350 συμμάχους·
900 2267 932 2331 εί
960 2263 997 2330 δὲ
1024 2264 1118 2331 αὐτοὶ

112 2378 262 2460 ἔμπειροι
290 2375 361 2438 ἔατε
388 2372 469 2436 κατά
495 2393 556 2456 περ
583 2372 690 2455 ἡμεῖς,
722 2377 822 2456 είχετε
851 2370 892 2436 ἀν
919 2370 993 2457 περὶ
1017 2372 1119 2438 αὐτοῦ

112 2483 247 2565 γνώμας
279 2479 454 2563 ἀμείνονας
482 2477 711 2562 συμβαλέσθαι
740 2479 761 2561 ἥ
789 2499 850 2563 περ
879 2486 952 2544 νῦν.
998 2481 1119 2563 Κοριν-

112 2591 222 2653 θιόισι
241 2586 304 2671 γάρ
323 2580 365 2668 ην
383 2586 498 2660 πόλιος
515 2584 710 2660 κατάστασις
727 2585 852 2666 τοιήδε·
875 2579 918 2667 ἦν
937 2585 1118 2669 ὀλιγαρχίη,
1138 2592 1155 2663 β

112 2693 166 2760 καὶ
206 2687 299 2757 οὗτοι
330 2691 511 2774 Βακχιάδαι
545 2692 738 2772 καλεόμενοι
770 2692 888 2773 ἔνεμον
919 2690 980 2772 τὴν
1011 2692 1119 2770 πόλιν,

113 2799 272 2865 ἐδίδοσαν
296 2793 333 2862 δὲ
356 2793 411 2860 καὶ
428 2797 550 2878 ἤγοντο
569 2794 602 2872 ἐξ
621 2794 783 2878 ἀλλήλοιν,
804 2793 958 2878 Ἀμφίονι
977 2789 1013 2859 δὲ
1032 2793 1120 2858 ἐόντι

10 2941 12 2948 v
112 2907 242 2971 τούτων
271 2913 338 2967 τῶν
366 2902 499 2986 ἀνδρῶν
526 2903 651 2984 γίνεται
678 2901 831 2985 θυγάτηρ
858 2900 961 2983 χωλή·
994 2898 1120 2982 οὕνομα

114 3010 153 3077 δέ
173 3011 208 3076 οί
224 3003 266 3092 ἦν
281 3009 406 3092 Λάβδα.
438 3009 562 3090 ταύτην
579 3005 792 3091 Βακχιαδέων
810 3007 873 3090 γάρ
893 3001 1003 3080 οὐδεὶς
1020 3005 1121 3087 ἤθελε

114 3127 227 3202 γῆμαι,
251 3121 334 3198 ίσχει
354 3111 491 3190 Ἠετίων
515 3113 532 3178 ὁ
553 3109 769 3196 Ἐχεκράτεος,
793 3113 900 3195 δήμου
924 3107 984 3194 μὲν
1003 3109 1067 3175 ἐὼν
1086 3110 1121 3174 ἐκ

115 3221 255 3306 Πέτρης,
280 3221 361 3305 ἀτάρ
383 3221 423 3285 τά
445 3217 609 3284 ἀνέκαθεν
628 3221 783 3299 Λαπίθης
806 3240 841 3281 τε
861 3214 916 3280 καὶ
934 3217 1120 3299 Καινείδης.

116 3329 151 3394 ἐκ
184 3327 223 3393 δέ
250 3327 285 3393 οί
308 3327 428 3407 ταύτης
454 3333 511 3407 τῆς
537 3323 695 3406 γυναικὸς
722 3318 795 3386 οὐδ’
822 3321 855 3399 ἐξ
882 3323 982 3406 άλλης
1009 3323 1122 3398 παῖδες

115 3433 276 3519 ἐγίνοντο.
315 3431 431 3513 ἐστάλη
457 3425 503 3495 ὧν
523 3429 555 3506 ές
573 3430 729 3512 Δελφοὺς
747 3425 821 3508 περὶ
839 3429 952 3507 γόνον.
989 3427 1120 3494 ἐσιόντα
