2678 3968
203 239 271 302 304
618 233 804 290 HERODOTI

202 383 330 464 νήσους
356 379 607 467 ἀπειλητηρίους
629 381 749 462 λόγους
775 384 861 443 αι’τεε
888 378 1036 462 χρήματα
1064 377 1120 441 διὰ
1141 386 1211 440 τῶν

203 487 317 551 αὐτῶν
348 486 497 570 ἀγγέλων
526 486 728 571 [χρεώμενος
754 487 902 568 λόγοισι]
932 495 1018 548 τοῖσι
1045 481 1101 546 καὶ
1127 483 1210 567 πρὸς

205 591 342 676 βασιλέα
365 592 539 678 έχρήσατο,
563 591 668 674 λέγων
692 591 736 667 ὡς
759 593 790 656 εί
810 591 854 675 μή
878 589 1025 654 δώσουσι
1047 590 1084 654 τὸ
1106 589 1211 653 αἰτεό-

203 721 319 783 μενον,
342 697 451 776 ἐπάξει
473 698 535 782 τήν
558 698 715 782 στρατιήν
736 707 804 762 τῶν
817 692 985 779 Ἑλλήνων
1003 693 1058 760 καὶ
1076 699 1211 781 πολίαρ-

205 803 292 870 κέων
306 803 478 890 ἐξαιρήσει.
510 803 617 887 λέγων
630 812 732 868 ταῦτα
751 802 907 885 συνέλεγε
925 805 1072 888 χρήματα
1086 802 1210 886 μεγάλα

204 912 296 995 παρὰ
313 913 513 996 Καρυστίων
530 933 565 974 τε
583 907 638 974 καὶ
656 911 807 993 Παρίων,
830 912 866 974 οἳ
880 910 1132 994 πυνθανόμενοι
1148 910 1211 992 τήν

204 1039 242 1082 τε
259 1015 405 1101 ’Ἀνδρον
428 1016 472 1092 ὡς
498 1014 724 1100 πολιορκέοιτο
748 1017 834 1080 διότι
857 1014 1006 1098 ἐμήδισε,
1034 1013 1089 1080 καὶ
1112 1019 1209 1099 Θεμι-

204 1120 344 1187 στοκλέα
367 1122 411 1198 ὡς
434 1127 483 1205 είη
508 1122 545 1188 έν
567 1127 644 1207 αίνη
667 1124 802 1206 μεγίστῃ
825 1132 892 1186 τῶν
915 1132 1121 1206 στρατηγῶν,
1146 1122 1210 1186 δεί-

205 1243 324 1304 σαντες
348 1236 452 1292 ταῦτα
479 1231 624 1313 ἔπεμπον
651 1229 808 1312 χρήματα.
853 1229 885 1292 εί
910 1223 947 1292 δὲ
975 1227 1016 1310 δή
1043 1249 1130 1303 τινες
1155 1225 1211 1292 καὶ

205 1334 302 1398 ἄλλοι
330 1335 451 1398 ἔδοσαν
477 1332 683 1418 νησιωτέων,
711 1332 772 1398 οὐκ
799 1335 862 1417 ἔχω
890 1334 1009 1397 εἰπεῖν·
1042 1332 1145 1398 δοκέω
1174 1329 1214 1398 δέ

205 1461 300 1515 τινας
334 1436 389 1504 καὶ
421 1440 542 1517 ἀλλους
574 1441 693 1504 δοῦναι
726 1436 781 1503 καὶ
813 1438 854 1503 οὐ
885 1439 1024 1514 τούτους
1055 1439 1210 1522 μούνους.

206 1547 266 1609 καί
279 1568 332 1610 τοι
349 1547 573 1630 Καρυστίοισί
587 1568 625 1628 γε
644 1540 745 1609 οὐδέν
762 1544 883 1608 τούτου
902 1545 1012 1609 εἵνεκα
1029 1552 1090 1608 τοῦ
1107 1551 1212 1609 κακοῦ

207 1650 374 1736 ὑπερβολή
393 1649 534 1734 ἐγένετο·
555 1651 679 1735 Πάριοι
697 1646 735 1714 δὲ
748 1648 969 1734 Θεμιστοκλέα
986 1651 1127 1734 χρήμασι
1142 1651 1212 1716 ίλα-

208 1756 346 1840 σάμενοι
365 1755 527 1842 διέφυγον
540 1757 577 1822 τὸ
591 1756 784 1842 στράτευμα.
817 1755 1054 1840 Θεμιστοκλέης
1072 1755 1132 1840 μέν
1146 1781 1211 1822 νυν

209 1861 400 1949 έξἍνδρου
415 1863 605 1948 ὁρμώμενος
622 1865 770 1947 χρήματα
788 1862 877 1945 παρὰ
894 1859 1084 1944 νησιωτέων
1098 1861 1211 1928 ἐκτατο

209 1969 319 2055 λάθρη
341 1981 408 2035 τῶν
431 1970 541 2034 ἀλλων
564 1979 764 2053 στρατηγῶν.

159 2090 207 2138 ιιο
299 2076 344 2140 Οί
359 2073 391 2140 δ’
412 2073 497 2160 ἀμφὶ
511 2074 637 2161 Ξέρξην
656 2074 844 2159 ἐπισχόντες
862 2073 975 2156 ὀλίγας
991 2070 1114 2158 ἡμέρας
1132 2076 1214 2158 μετά

208 2183 270 2264 τήν
288 2184 476 2265 ναυμαχίην
495 2179 675 2264 ἐξήλαυνον
690 2178 723 2256 ές
740 2181 908 2256 Βοιωτοὺς
926 2180 987 2263 τήν
1004 2179 1108 2263 αὐτήν
1121 2180 1212 2246 ὀδόν.

210 2283 303 2362 ἔδοξε
324 2287 389 2370 γάρ
407 2286 592 2372 Μαρδονίῳ
611 2286 677 2370 άμα
695 2282 756 2370 μὲν
774 2282 963 2369 προπέμψαι
982 2284 1128 2369 βασιλέα,
1146 2287 1213 2371 ἅμα

210 2386 248 2455 δέ
277 2389 425 2473 ἀνωρίην
452 2384 538 2454 εἶναι
563 2399 625 2454 τοῦ
652 2393 739 2466 ἔτεος
761 2389 948 2475 πολεμέειν,
974 2395 1156 2477 χειμερίσαι
1178 2416 1214 2456 τε

208 2497 348 2580 άμεινον
376 2489 462 2559 εἶναι
489 2493 526 2559 έν
554 2499 735 2580 Θεσσαλίη,
765 2493 820 2560 καὶ
847 2499 956 2562 ἔπειτα
978 2497 1045 2581 ἅμα
1070 2506 1117 2585 τῷ
1141 2500 1214 2583 ἔαρι

210 2607 389 2687 πειρᾶσθαι
414 2609 470 2684 τής
494 2603 765 2685 Πελοποννήσου.
810 2602 854 2678 ὡς
877 2598 914 2667 δὲ
936 2602 1073 2668 ἀπίκατο
1097 2603 1131 2680 ές
1152 2605 1215 2688 τήν

210 2710 406 2791 Θεσσαλίην,
426 2706 573 2772 ἐνθαῦτα
590 2708 786 2792 Μαρδόνιος
803 2706 965 2792 ἐξελέγετο
983 2709 1135 2793 πρώτους
1151 2707 1215 2793 μέν

210 2817 289 2891 τοὺς
303 2812 435 2899 Πέρσας
448 2812 572 2889 πάντας
590 2815 669 2890 τοὺς
682 2812 871 2890 ἀθανάτους
884 2812 1113 2898 καλεομένους,
1127 2816 1216 2898 πλήν

206 2915 381 3006 Ὑδάρνεος
407 2927 468 2984 τοῦ
495 2927 681 3004 στρατηγοῦ
709 2913 820 3004 (οὗτος
846 2919 910 3001 γάρ
934 2919 995 2985 οὐκ
1019 2922 1083 3004 ἔφη
1106 2923 1217 2998 λείψε-
1313 2937 1314 2946 ’

211 3033 293 3090 σθαι
325 3021 506 3110 βασιλέος),
538 3024 618 3108 μετὰ
651 3020 688 3088 δέ
718 3033 785 3088 τῶν
812 3024 923 3090 ἀλλων
951 3024 1109 3110 Περσέων
1135 3028 1217 3103 τοὺς

211 3132 478 3215 θωρηκοφόρους
499 3126 554 3193 καὶ
576 3129 637 3212 τήν
659 3128 761 3193 ἵππον
783 3129 844 3212 τήν
862 3132 981 3212 χιλίην,
999 3127 1054 3194 καὶ
1071 3133 1217 3215 Μήδους

210 3259 246 3299 τε
273 3233 328 3300 καί
351 3235 462 3310 Σάκας
488 3231 544 3298 καὶ
565 3237 749 3316 Βακτρίους
770 3257 805 3298 τε
831 3231 885 3298 καί
909 3228 1050 3318 Ἰνδούς,
1077 3235 1217 3304 καὶτὸν
1311 3285 1312 3288 ¹

211 3341 309 3416 πεζὸν
332 3337 387 3404 καὶ
408 3339 470 3422 τήν
493 3339 602 3404 ἵππον.
638 3335 820 3422 ταῦταμὲν
843 3341 945 3404 ἔθνεα
966 3340 1027 3405 δλα
1045 3341 1160 3426 είλετο,
1179 3343 1218 3409 έιι

212 3437 253 3506 δέ
274 3451 341 3506 τῶν
364 3444 473 3508 ἀλλων
497 3443 676 3528 συμμάχων
695 3443 856 3527 ἐξελέγετο
874 3438 945 3508 κατ’
966 3443 1109 3530 ὀλίγους,
1128 3458 1219 3514 τοῖσι
1310 3485 1311 3546 χ
