2678 3970
406 269 546 324 LIB.V11.
584 270 661 326 oAP.
683 277 836 328 143-147.
1063 273 1129 338 205

118 407 235 495 Ἀσίην
266 424 333 479 τῶν
365 413 517 496 βασιλέος
548 415 762 499 πρηγμάτων,
792 415 825 492 ἐς
851 414 972 502 ’Ἁργος
1003 439 1038 482 τε
1071 417 1128 500 ἀγ-

122 516 242 600 γέλους
274 518 451 603 ὁμαιχμίην
478 519 755 605 συνθησομένους
784 521 868 607 πρὸς
898 522 958 586 τὸν
981 521 1126 606 Πέρσην,

122 621 178 688 καὶ
210 623 244 700 ἐς
274 628 433 708 Σικελίην
464 627 585 702 ἀλλους
616 624 756 710 πέμπειν
782 627 871 711 παρά
902 625 1037 692 Γέλωνα
1067 629 1126 693 τὸν

122 729 354 814 Δεινομένεος,
387 733 420 808 ἐς
450 753 485 795 τε
516 730 692 818 Κέρκυραν
723 733 938 808 κελεύσοντας
970 731 1126 816 βοηθέειν

121 844 162 920 τή
176 833 319 919 Ἑλλάδι,
340 834 396 901 καὶ
414 836 447 913 ἐς
464 839 601 921 Κρήτην
619 839 750 920 ἀλλους,
770 840 997 923 φρονήσαντες
1016 844 1049 902 εί
1062 862 1127 915 κως

122 940 160 1006 έν
183 965 218 1006 τε
239 941 370 1025 γένοιτο
392 943 430 1007 τὸ
445 938 638 1025 Ἑλληνικὸν
655 941 710 1008 καὶ
728 945 760 1008 εί
776 944 1003 1027 συγκύψαντες
1019 943 1125 1009 τώυτὸ

120 1048 302 1131 πρήσσοιεν
329 1049 462 1131 πάντες,
491 1049 535 1125 ὡς
563 1051 683 1114 δεινῶν
711 1050 872 1115 ἐπιόντων
899 1049 1020 1134 ὁμοίως
1046 1058 1125 1114 πᾶσι

121 1151 267 1236 Ἕλλησι.
316 1155 356 1218 τά
388 1151 425 1219 δὲ
452 1153 603 1231 Γέλωνος
636 1158 809 1240 πρήγματα
841 1155 964 1240 μεγάλα
997 1153 1124 1237 ἐλέγετο

122 1253 219 1342 εἶναι,
244 1259 401 1344 οὐδαμῶν
420 1256 619 1345 Ἑλληνικῶν
641 1272 709 1326 τῶν
733 1262 774 1326 οὐ
796 1263 921 1328 πολλὸν
943 1261 1036 1346 μέζω.
1071 1261 1115 1337 ὡς
1128 1281 1177 1330 146

122 1361 160 1429 δέ
182 1367 285 1430 ταῦτά
303 1382 364 1450 σφι
387 1365 489 1448 ἔδοξε,
512 1367 775 1450 καταλυσάμενοι
796 1368 854 1443 τάς
872 1370 994 1452 ἔχθρας
1012 1377 1124 1452 πρῶτα

122 1467 184 1555 μὲν
203 1474 429 1548 κατασκόπους
447 1470 611 1556 πέμπουσι
629 1472 662 1548 ἐς
680 1473 741 1555 τήν
755 1469 868 1555 Ἀσίην
886 1473 1010 1558 ἀνδρας
1028 1483 1123 1557 τρεῖς.

122 1577 159 1642 οί
179 1574 216 1642 δέ
238 1577 433 1660 ἀπικόμενοί
452 1598 487 1640 τε
510 1576 543 1652 ἐς
565 1577 692 1662 Σάρδις
718 1575 773 1642 καὶ
795 1581 1041 1662 καταμαθόντες
1063 1579 1124 1660 τήν

122 1681 276 1766 βασιλέος
290 1684 457 1769 στρατιήν,
471 1682 515 1758 ὡς
529 1681 675 1747 ἐπάιστοι
690 1682 854 1765 ἐγένοντο,
865 1683 1124 1766 βασανισθέντες

121 1789 186 1854 ὑπὸ
215 1799 282 1854 τῶν
310 1798 500 1874 στρατηγῶν
523 1795 582 1852 τοῦ
605 1791 704 1867 πεζοῦ
727 1797 868 1873 στρατοῦ
891 1788 1056 1872 ἀπήγοντο
1079 1789 1123 1865 ὡς

6 1945 11 1962 .
121 1895 346 1979 ἀπολεόμενοι.
373 1891 428 1958 καὶ
441 1904 527 1958 τοῖσι
540 1890 601 1978 μέν
615 1892 819 1979 κατεκέκριτο
834 1894 989 1976 θάνατος,
1002 1893 1124 1980 Ξέρξης

122 1997 160 2065 δέ
182 2001 227 2077 ὡς
253 2001 394 2066 ἐπύθετο
422 2007 539 2081 ταῦτα,
567 1997 731 2084 μεμφθεὶς
757 2009 824 2064 τῶν
847 2010 1039 2085 στρατηγῶν
1061 2002 1122 2083 τήν

120 2107 258 2190 γνώμην
285 2104 402 2189 πέμπει
431 2115 499 2170 τῶν
525 2127 617 2181 τινας
640 2106 857 2190 δορυφόρων,
886 2104 1121 2189 ἐντειλάμενος,

120 2211 164 2296 ήυ
185 2212 392 2294 καταλάβωσι
414 2213 492 2288 τοὺς
514 2213 739 2287 κατασκόπους
763 2215 898 2294 ζῶντας,
925 2213 1018 2295 ἀγειυ
1040 2209 1117 2298 παρ’

121 2317 256 2382 ἑωυτόν.
301 2318 346 2393 ὡς
373 2313 410 2382 δέ
435 2319 482 2382 ἐτι
508 2307 699 2402 περιεόντας
721 2316 842 2394 αὐτοὺς
863 2317 1044 2401 κατέλαβον
1066 2315 1121 2382 καὶ
1199 2389 1202 2394 ,
1330 2379 1331 2388 ,

120 2417 206 2506 ήγον
236 2423 269 2500 ἐς
296 2425 375 2500 όψιν
400 2425 462 2506 τήν
488 2423 654 2506 βασιλέος,
684 2425 721 2488 τὸ
748 2423 905 2488 ἐνθεῦτεν
931 2427 1122 2509 πυθόμενος

121 2526 174 2596 ἐπ’
196 2521 263 2594 οἷσι
281 2525 400 2613 ήλθον,
420 2528 570 2594 ἐκέλευσέ
586 2545 689 2613 σφεας
706 2532 784 2607 τοὺς
803 2531 1014 2617 δορυφόρους
1031 2553 1120 2616 περι-

108 2637 262 2730 άγοντας
291 2635 540 2701 ἐπιδείκνυσθαι
566 2636 673 2700 πάντα
698 2659 733 2700 τε
765 2637 823 2701 τὸν
854 2638 952 2716 πεζὸν
979 2638 1120 2720 στρατὸν

121 2741 174 2808 καὶ
192 2744 254 2826 τήν
272 2743 384 2825 ἵππον,
404 2741 502 2807 ἐπεάν
522 2738 558 2807 δὲ
571 2751 673 2807 ταῦτα
686 2743 868 2825 θηεύμενοι
882 2745 960 2808 ἐωσι
973 2745 1119 2826 πλήρεες,

121 2848 324 2933 ἀποπέμπειν
353 2847 386 2923 ἐς
412 2849 473 2930 τήν
500 2845 542 2912 ἀν
565 2845 659 2912 αὐτοὶ
683 2847 823 2912 ἐθέλωσι
845 2847 957 2932 χώρην
979 2845 1119 2921 ἀσινέας.

6 2939 18 2970 '
121 2953 280 3039 ἐπιλέγων
303 2949 340 3018 δέ
361 2954 421 3017 τὸν
444 2955 545 3035 λόγον
567 2953 664 3017 τόνδε
682 2961 784 3016 ταῦτα
803 2951 996 3034 ἐνετέλλετο,
1020 2951 1064 3027 ὡς
1082 2953 1113 3015 εί
1122 2970 1169 3019 147

120 3056 180 3144 μὲν
203 3060 373 3126 ἀπόλοντο
398 3059 433 3122 οί
448 3058 656 3139 κατάσκοποι,
681 3052 753 3120 οὔτ’
779 3055 821 3120 ἀν
838 3058 878 3120 τά
896 3054 1020 3121 ἑωυτοῦ
1038 3060 1119 3141 πρή-

120 3190 226 3250 γματα
256 3165 487 3246 προεπύθοντο
521 3165 555 3227 οί
576 3161 732 3245 Ἕλληνες
763 3161 860 3226 ἐόντα
891 3164 993 3245 λόγου
1025 3161 1119 3246 μέζω,

121 3271 190 3337 οὔτ’
216 3273 258 3337 ἀν
280 3294 312 3334 τι
330 3273 408 3346 τοὺς
425 3271 602 3352 πολεμίους
620 3267 702 3351 μέγα
721 3267 873 3332 ἐσίναντο
891 3269 1016 3354 ἀνδρας
1033 3279 1120 3354 τρεῖς

120 3376 350 3453 ἀπολέσαντες·
377 3375 609 3458 νοστησάντων
637 3370 674 3438 δέ
695 3373 823 3437 τούτων
847 3373 880 3451 ἐς
900 3376 961 3458 τήν
979 3371 1119 3441 Ἑλλάδα

120 3483 248 3549 δοκέειν
283 3485 346 3566 ἐφη
384 3481 588 3556 ἀκούσαντας
623 3481 701 3556 τοὺς
728 3476 889 3562 Ἕλληνας
919 3482 960 3545 τά
994 3479 1119 3547 ἑωυτοῦ
