2640 3960
214 229 256 292 94
626 226 812 282 HERODOTI

212 369 266 436 καὶ
289 373 352 455 άγη
375 373 569 456 χρεώμενος.
593 369 783 455 Κλεομένης
802 367 839 435 δὲ
861 371 1024 451 νοστήσας
1046 367 1100 434 ἀπ’
1123 365 1222 452 Αἰγί-

213 500 273 558 νης
301 477 454 558 ἐβούλευε
481 479 540 543 τὸν
568 478 770 562 Δημάρητον
800 485 924 541 παῦσαι
950 485 1006 557 τῆς
1033 476 1221 557 βασιληίης,

115 635 118 640 .
214 582 269 645 διὰ
299 591 431 666 πρῆγμα
465 584 596 648 τοιόνδε
628 581 780 664 ἐπίβασιν
813 581 845 657 ἐς
876 581 978 645 αὐτὸν
1007 581 1220 662 ποιεύμενος·

211 683 381 770 Ἀρίστωνι
404 689 613 771 βασιλεύοντι
637 686 674 752 ἐν
697 687 834 772 Σπάρτη
862 685 916 751 καὶ
939 688 1080 770 γήμαντι
1102 697 1219 767 γυναῖ-

213 817 271 869 κας
294 795 355 858 δύο
378 794 493 869 παῖδες
520 793 581 857 οὐκ
610 791 769 875 ἐγίνοντο.
798 790 851 856 καὶ
879 792 920 856 οὐ
947 793 1009 875 γάρ
1037 792 1219 873 συνεγινώ-

213 913 307 962 σκετο
322 899 421 974 αύτὸς
434 899 562 962 τούτων
576 892 660 962 εἶναι
680 904 792 980 αίτιος,
811 896 923 981 γαμέει
937 899 1051 980 τρίτην
1065 907 1219 979 γυναῖκα.

214 997 278 1068 ὧδε
302 1000 338 1067 δὲ
360 1002 483 1086 γαμέει.
522 998 565 1086 ἦν
593 1003 628 1066 οί
652 1007 749 1084 φίλος
771 1014 838 1067 τῶν
861 1001 1096 1086 Σπαρτιητέων
1120 1003 1218 1087 άυήρ,

213 1116 257 1194 τῷ
280 1107 470 1190 προσέκειτο
493 1118 560 1172 τῶν
583 1106 691 1172 ἀστῶν
715 1109 853 1191 μάλιστα
877 1105 1078 1191 δἈρίστων.
1108 1110 1217 1196 τούτῳ

212 1221 257 1300 τῷ
281 1211 379 1297 ἀνδρὶ
402 1212 557 1295 ἐτύγχανε
581 1213 681 1277 ἐοῦσα
703 1214 788 1295 γυνὴ
820 1216 975 1294 καλλίστη
1006 1221 1121 1301 μακρῷ
1149 1224 1217 1278 τῶν

214 1320 250 1385 ἐν
273 1321 410 1405 Σπάρτη
433 1328 615 1402 γυναικῶν,
648 1317 702 1382 καὶ
734 1327 836 1383 ταῦτα
868 1317 979 1402 μέντοι
1001 1323 1158 1401 καλλίστη
1183 1319 1216 1396 ἐξ
1310 1353 1312 1358 v

213 1427 380 1509 αἰσχίστης
402 1423 572 1508 γενομένη.
604 1423 724 1488 ἐοῦσαν
743 1425 806 1506 γάρ
824 1447 882 1506 μιν
900 1425 937 1487 τὸ
954 1418 1041 1498 εἶδος
1059 1425 1216 1507 φλαύρην

212 1531 232 1614 η
255 1533 379 1616 τροφὸς
402 1531 517 1613 αὐτῆς,
551 1521 604 1594 οἷα
631 1530 819 1612 ἀνθρώπων
842 1553 876 1592 τε
900 1529 1022 1610 ὀλβίων
1044 1529 1216 1612 θυγατέρα

212 1635 266 1700 καὶ
290 1633 443 1700 δυσειδέα
467 1635 603 1716 έοῦσαν,
627 1635 708 1716 πρὸς
732 1631 768 1698 δέ
791 1631 845 1698 καὶ
865 1633 974 1716 δρῶσα
997 1635 1074 1709 τοὺς
1096 1634 1216 1716 γονέας

213 1742 389 1824 συμφορὴν
412 1743 449 1806 τὸ
478 1736 566 1817 εἶδος
593 1741 692 1822 αὐτῆς
714 1738 947 1822 ποιευμένους,
970 1748 1071 1803 ταῦτα
1095 1741 1215 1808 ἕκαστα
1311 1805 1312 1812 ,

212 1853 367 1930 μαθοῦσα
391 1847 598 1932 ἐπιφράζεται
617 1846 742 1910 τοιάδε·
766 1845 883 1929 ἐφόρεε
902 1845 1005 1927 αὐτην
1024 1845 1087 1910 άνὰ
1104 1856 1215 1912 πᾶσαν

212 1951 337 2036 ἡμέρην
361 1953 394 2030 ἐς
415 1956 452 2019 τὸ
475 1963 531 2037 τῆς
550 1949 683 2034 Ἑλένης
707 1951 796 2032 ίρύν·
823 1951 860 2014 τὸ
885 1949 914 2014 δ’
942 1949 1009 2016 ἐστὶ
1033 1951 1070 2016 έν
1092 1961 1131 2036 τῇ
1156 1957 1215 2018 Θε-

212 2059 318 2144 ράπνη
342 2057 533 2142 καλεομένη,
556 2057 682 2140 ὕπερθε
700 2064 760 2120 τοῦ
781 2059 943 2139 Φοιβηίου
963 2058 1050 2141 ἱροῦ·
1074 2059 1160 2134 ὅκως
1179 2057 1216 2123 δὲ
1310 2109 1311 2124 ,

212 2163 343 2228 ἐνείκειε
366 2162 386 2244 η
409 2166 543 2247 τροφός,
566 2164 648 2246 πρός
670 2185 704 2225 τε
727 2162 880 2244 τῶγαλμα
903 2162 976 2226 ἵστα
994 2161 1048 2226 καὶ
1067 2163 1214 2230 ἐλίσσετο

212 2269 272 2348 τὴν
294 2268 378 2330 θεὸν
401 2265 580 2343 ἀπαλλάξαι
602 2276 659 2347 τῆς
683 2268 892 2350 δυσμορφίης
914 2267 951 2330 τὸ
974 2267 1118 2331 παιδίον.
1160 2269 1215 2334 καὶ
1309 2299 1310 2328 ι

213 2371 254 2452 δη
276 2393 350 2434 κοτε
374 2370 515 2455 άπιούση
540 2371 574 2434 ἐκ
596 2379 656 2434 τοῦ
680 2371 754 2454 ἐροῦ
777 2379 816 2454 τῇ
834 2379 947 2457 τροφῷ
966 2383 1107 2453 γυναῖκα
1126 2374 1215 2456 λέγε-

212 2498 265 2538 ται
288 2473 503 2558 ἐπιφανῆναι,
534 2475 749 2557 ἐπιφανεῖσαν
778 2473 814 2538 δὲ
842 2474 1031 2558 ἐπειρέσθαι
1060 2501 1118 2560 μιν
1142 2480 1161 2544 δ
1184 2505 1215 2544 τι

213 2578 307 2665 φέρει
321 2579 358 2644 έν
371 2588 409 2663 τῇ
429 2579 563 2663 ἀγκάλη,
587 2577 640 2643 καὶ
659 2581 720 2662 τὴν
739 2580 864 2664 φράσαι
878 2580 922 2655 ὡς
935 2581 1070 2644 παιδίον
1085 2582 1214 2667 φορέει·

212 2687 272 2768 τὴν
296 2681 333 2749 δὲ
355 2687 508 2749 κελεῦσαί
529 2686 563 2750 οί
584 2683 689 2766 δέξαι,
719 2687 780 2768 τὴν
808 2682 844 2749 δέ
867 2685 909 2749 ού
932 2686 1049 2769 φάναι·
1081 2687 1216 2773 ἀπειρη-

213 2797 294 2856 σθαι
316 2791 379 2875 γάρ
403 2791 438 2855 οί
458 2790 581 2855 ἐκτῶν
604 2789 808 2875 γειναμένων
835 2788 954 2873 μηδενὶ
977 2789 1216 2859 ἐπιδεικνύναι·

211 2898 272 2980 την
291 2893 328 2962 δέ
346 2897 475 2972 πάντως
494 2894 597 2980 ἑωυτῇ
615 2897 760 2961 κελεύειν
775 2892 927 2972 ἐπιδέξαι.
957 2893 1089 2980 ὁρῶσαν
1104 2896 1142 2964 δὲ
1156 2903 1218 2984 την

212 3013 352 3085 γυναῖκα
374 3000 448 3086 περὶ
466 3006 592 3066 πολλοῦ
609 2998 808 3084 ποιευμένην
828 2997 971 3082 ἰδέσθαι,
991 2998 1077 3066 οὕτω
1099 3005 1141 3088 δὴ
1157 3007 1218 3089 την

212 3110 340 3192 τροφὸν
364 3106 454 3184 δέξαι
475 3107 512 3170 τὸ
536 3107 684 3170 παιδίου·
706 3107 767 3188 τὴν
790 3102 827 3170 δὲ
845 3116 1045 3182 καταψῶσαν
1063 3118 1125 3174 τοῦ
1143 3133 1218 3176 παι·
1306 3133 1307 3144 ·

214 3212 289 3275 δίου
312 3212 372 3293 την
395 3213 542 3294 κεφαλὴν
565 3205 651 3275 εἶπαι
674 3211 718 3286 ὡς
741 3211 965 3275 καλλιστεύσει
991 3211 1127 3278 πασέων
1150 3227 1219 3280 τῶν

213 3314 250 3379 ἐν
273 3315 409 3398 Σπάρτη
433 3326 609 3398 γυναικῶν.
639 3314 701 3379 ἀπὸ
724 3314 784 3400 μὲν
808 3316 848 3397 δὴ
871 3315 991 3396 ταύτης
1013 3325 1070 3398 τῆς
1093 3319 1219 3403 ἡμέρης

214 3430 406 3505 μεταπεσεῖν
428 3421 465 3484 τὸ
489 3415 583 3495 εἶδος.
619 3419 731 3502 γαμέει
755 3416 792 3484 δέ
811 3419 852 3500 δή
870 3443 928 3502 μιν
947 3419 979 3494 ἐς
997 3421 1106 3504 γάμου
1125 3424 1218 3506 ὥρην
