2640 3960
446 220 513 276 ΠΒ.
527 220 560 277 v.
599 219 675 276 cAP.
695 229 815 279 εε-οο.
1093 221 1137 287 45

129 366 295 449 χυτρίδων
328 363 529 450 ἐπιχωριέων
557 367 662 450 νόμον
693 368 730 431 τὸ
758 366 877 432 λοιπὸν
905 366 1024 432 αὐτόθι
1053 361 1137 432 εἶναι

128 473 248 535 πίνειν.
282 466 439 556 Ἀργείων
462 470 523 555 μέν
545 495 609 536 νυν
632 469 687 536 καὶ
706 470 914 555 Αἰγινητέων
932 473 970 537 αἰ
984 482 1138 555 γυναῖκες

128 575 166 641 ἐκ
188 578 289 641 τόσου
312 575 382 641 κατ’
410 581 481 662 ἔριν
503 579 565 660 τήν
585 571 772 659 Ἀθηναίων
796 581 939 663 περόνας
961 581 1009 642 ἐτι
1027 577 1081 644 καί
1104 579 1137 655 ἐς

128 677 186 766 ἐμέ
209 681 351 766 ἐφόρεον
373 683 512 767 μέζονας
533 683 554 767 ῆ
577 685 642 768 πρὸ
665 693 734 750 τοῦ.

222 791 287 871 Τῆς
314 785 351 853 δέ
374 791 497 873 ἔχθρης
519 798 576 872 τῆς
593 791 676 873 πρὸς
694 791 874 872 Αἰγινήτας
896 788 929 868 ἐξ
950 785 1137 872 Ἀθηναίων
1156 804 1190 852 89

128 893 310 978 γενομένης
329 894 411 980 ἀρχή
430 896 511 959 κατὰ
526 901 651 979 εἴρηται
666 894 804 978 ἐγένετο.
838 898 911 960 τότε
926 895 967 978 δή
982 897 1137 978 Θηβαίων

128 1000 391 1083 ἐπικαλεομένων
413 1002 596 1085 προθύμως
618 1011 685 1096 τῆν
706 999 781 1085 περὶ
799 1002 838 1066 τδι
857 1001 1026 1085 ἀγάλματα
1043 1022 1137 1084 γενο·

128 1105 241 1190 μένων
263 1105 589 1190 ἀναμιμνησκόμενοι
613 1108 648 1172 οἰ
669 1109 843 1190 Αἰγινῆται
867 1107 1029 1190 ἐβοήθεον
1051 1117 1137 1172 τοῖσι

129 1217 316 1278 Βοιωτοῖσι.
362 1213 541 1295 Αἰγινῆταί
563 1235 598 1277 τε
626 1213 667 1296 δή
695 1213 832 1296 ἐδηίουν
857 1222 914 1295 τῆς
933 1209 1077 1295 Ἀττικῆς
1098 1213 1138 1276 τὰ

129 1317 397 1401 παραθαλάσσια,
421 1315 476 1383 καὶ
495 1311 704 1401 Ἀθηναίοισι
727 1317 944 1403 ὁρμημένοισι
968 1315 1017 1383 ἐπ’
1044 1319 1137 1401 Αἰγι-

129 1427 231 1506 νήτας
263 1425 500 1508 στρατεύεσθαι
532 1419 616 1508 ῆλθε
649 1427 809 1508 μαντήιον
837 1424 872 1490 ἐκ
898 1429 1044 1507 Δελφῶν
1071 1424 1137 1488 ἐπι-

130 1533 272 1613 σχόντας
299 1528 362 1594 ἀπὸ
392 1539 451 1594 τοῦ
475 1529 682 1613 Αἰγινητέων
709 1529 840 1595 ἀδικίου
867 1534 1043 1616 τριήκοντα
1066 1532 1138 1594 ἐτεα

129 1644 175 1722 τῷ
214 1633 264 1701 ἑνὶ
300 1633 355 1700 καὶ
387 1644 568 1723 τριηκοστῷ
598 1638 713 1722 Αἰακῷ
749 1635 884 1719 τέμενος
918 1634 1139 1714 ἀποδέξαντας

130 1743 294 1826 ἄρχεσθαι
316 1750 378 1806 τοῦ
400 1743 483 1824 πρὸς
500 1743 681 1824 Αἰγινήτας
701 1740 857 1826 πολέμου,
881 1745 939 1805 καί
954 1758 1015 1824 σφι
1033 1743 1139 1824 χωρή-

131 1865 204 1914 σειν
240 1849 280 1912 τά
313 1847 505 1930 βούλονται·
541 1846 584 1930 ῆν
617 1844 653 1911 δέ
685 1847 801 1911 αὐτίκα
833 1847 1138 1932 ἐπιστρατεύωνται,

130 1955 238 2020 πολλὰ
260 1951 321 2037 μέν
345 1969 447 2037 σφεας
471 1953 508 2018 έν
529 1960 575 2040 τῷ
595 1951 714 2036 μεταξὺ
732 1961 793 2017 τοῦ
811 1955 936 2037 χρόνου
954 1955 1138 2034 πείσεσθαι,

131 2061 238 2126 πολλὰ
262 2055 299 2124 δὲ
321 2057 375 2124 καί
398 2061 563 2142 ποιήσειν,
591 2058 684 2134 τέλος
711 2057 824 2142 μέντοι
846 2057 1139 2143 καταστρέψεσθαι.

132 2175 235 2232 ταῦτα
258 2165 302 2241 ὡς
324 2164 562 2248 ἀπενειχθέντα
584 2166 731 2247 ῆκουσαν
752 2164 787 2228 οἰ
804 2162 987 2246 Ἀθηναῖοι,
1010 2172 1055 2252 τῷ
1079 2163 1140 2248 μὲν

133 2274 247 2358 Αἰακῷ
269 2268 405 2354 τέμενος
427 2270 587 2352 ἀπέδεξαν
609 2279 707 2334 τοῦτο
730 2271 768 2334 τὸ
791 2278 855 2334 νῦν
873 2267 926 2334 ἐπὶ
944 2278 1000 2353 τῆς
1019 2270 1141 2354 ἀγορῆς

133 2379 277 2463 ἵδρυται,
300 2379 475 2461 τριήκοντα
500 2373 536 2440 δὲ
559 2378 631 2441 ἐτεα
655 2376 716 2440 οὐκ
739 2373 918 2460 ἀνέσχοντο
942 2375 1141 2453 ἀκούσαντες

134 2484 220 2560 ὅκως
241 2483 340 2566 χρεὸν
363 2487 413 2566 εἰη
436 2481 581 2566 ἐπισχεῖν
603 2483 813 2558 πεπονθότας
834 2482 916 2564 πρὸς
936 2481 1141 2565 Αἰγινητέων

134 2591 286 2672 ἀνάρσια.
331 2587 365 2664 ἐς
390 2591 551 2672 τιμωρίην
574 2583 611 2652 δέ
633 2587 989 2672 παρασκευαζομένοισι
1012 2588 1141 2652 αὐτοῖσι
1159 2605 1194 2654 90

134 2696 172 2762 ἐκ
195 2694 469 2778 Λακεδαιμονίων
497 2703 629 2778 πρῆγμα
656 2694 867 2780 ἐγειρόμενον
893 2693 1051 2777 ἐμπόδιον
1074 2691 1142 2774 έγέ-

134 2823 221 2867 νετο.
266 2801 452 2884 πυθόμενοι
478 2801 542 2884 γὰρ
566 2801 823 2884 Λακεδαιμόνιοι
850 2800 889 2862 τά
918 2798 953 2862 ἐκ
979 2807 1045 2861 τῶν
1071 2795 1141 2861 Ἀλ-

134 2903 347 2990 κμεωνιδέων
374 2905 408 2984 ἐς
433 2906 494 2988 τῆν
518 2909 655 2988 Πυθίην
679 2903 933 2989 μεμηχανημένα
955 2899 1010 2966 καὶ
1036 2903 1076 2966 τά
1104 2901 1140 2967 ἐκ

134 3021 194 3095 τῆς
224 3014 358 3094 Πυθίης
389 3009 442 3076 ἐπὶ
474 3012 577 3095 σφέας
607 3035 642 3076 τε
673 3009 728 3075 καὶ
761 3011 839 3084 τοὺς
870 3009 1142 3092 Πεισιστρατίδας

137 3117 317 3201 συμφορήν
349 3116 520 3182 ἐποιεῦντο
553 3118 688 3200 διπλῆν,
721 3117 772 3180 ὅτι
803 3136 837 3178 τε
864 3114 988 3198 ἀνδρας
1016 3111 1143 3191 ξείνους

137 3227 235 3307 σφίσι
267 3220 381 3300 ἐόντας
414 3221 647 3306 ἐξεληλάκεσαν
675 3222 711 3287 ἐκ
737 3230 794 3303 τῆς
822 3217 974 3302 ἐκείνων,
1007 3217 1061 3285 καὶ
1093 3220 1143 3285 ότι

136 3339 240 3396 ταῦτα
272 3331 428 3412 ποιήσασι
460 3329 553 3415 χάρις
585 3328 722 3412 οὐδεμία
754 3325 908 3409 ἐφαίνετο
939 3327 1022 3410 πρὸς
1045 3322 1143 3408 Ἀθη-

137 3439 254 3500 ναίων.
292 3437 340 3499 ἐτι
361 3457 396 3498 τε
418 3435 501 3518 πρὸς
523 3433 670 3498 τούτοισι
693 3432 814 3515 ἐνῆγόι·
832 3448 934 3515 σφεας
953 3432 988 3496 οἰ
1003 3427 1144 3516 χρησμοί
