2678 3970
204 253 267 318 182
616 248 827 334 memnon·

202 395 263 462 οὐκ
285 393 555 480 ἀναγκαζόμενος,
575 391 779 479 Ἀρτεμισίης
802 390 848 476 δέ,
871 402 929 477 τῆς
946 393 1086 478 μάλιστα
1102 400 1203 479 θῶμα

201 508 355 585 ποιεῦμαι
386 498 439 566 ἐπὶ
469 501 531 584 τῆν
553 495 694 565 Ἑλλάδα
725 497 1010 584 στρατευσαμένης
1034 503 1202 583 γυναικός,

200 606 272 688 ῆτις
306 605 537 683 ἀποθανόντος
567 614 627 672 τοῦ
659 605 782 690 ἀνδρὸς
813 605 896 688 αὐτῆ
925 628 960 671 τε
992 608 1113 690 ἔχουσα
1143 605 1204 689 τῆν

200 713 383 796 τυραννίδα
409 709 464 778 καί
485 711 603 788 παιδὸς
625 711 831 797 ὑπάρχοντος
853 714 992 794 νεηνίεω
1014 709 1079 776 ὑπὸ
1103 712 1205 796 λῆμα-

200 818 257 893 τός
278 839 313 882 τε
339 816 393 883 καλ
416 818 577 904 ἀνδρηίης
599 816 824 903 ἐστρατεύετο,
853 815 1009 901 οὐδεμιῆς
1031 815 1151 900 ἐούσης
1173 816 1206 881 οί

201 921 389 1006 ἀναγκαίης.
435 923 563 1008 οὔνομα
589 919 651 1006 μὲν
678 923 720 1007 δὴ
746 919 789 1006 ἦν
817 921 899 1008 αὐτῆ
919 919 1120 1008 Ἀρτεμισίη,
1141 928 1205 988 θυ-

201 1027 305 1112 γάτηρ
338 1024 375 1094 δέ
400 1023 443 1112 ἦν
466 1029 672 1112 Λυγδάμιος,
700 1026 797 1111 γένος
824 1025 861 1094 δέ
889 1027 921 1105 ἐξ
944 1025 1206 1114 Ἁλικαρνησσοῦ

201 1133 242 1198 τά
263 1133 346 1219 πρὸς
367 1137 499 1219 πατρός,
521 1136 561 1200 τά
583 1137 753 1219 μητρόθεν
776 1130 813 1199 δέ
835 1136 984 1218 Κρῆσσα.
1025 1133 1207 1219 ἡγεμόνευε

203 1236 240 1304 δέ
266 1235 551 1326 Ἁλικαρνησσέων
581 1263 615 1305 τε
646 1237 700 1304 καλ
731 1237 840 1328 Κρέων
876 1238 931 1305 καλ
964 1243 1141 1324 Νισυρίων
1170 1263 1207 1306 τε
1319 1281 1320 1286 1

202 1342 257 1412 καλ
285 1345 502 1427 Καλυδνίων,
528 1343 625 1410 πέντε
653 1343 730 1421 νέας
761 1343 975 1430 παρεχομένη.
1020 1342 1074 1410 καλ
1105 1361 1208 1410 συνα-

203 1450 309 1534 πάσης
339 1460 396 1534 τῆς
428 1458 596 1535 στρατιῆς,
634 1450 714 1534 μετά
745 1473 782 1533 γε
813 1451 871 1528 τάς
902 1451 1097 1534 Σιδωνίων,
1128 1449 1209 1519 νέας

203 1556 419 1634 εὐδοξοτάτας
435 1559 617 1640 παρείχετο,
636 1556 769 1620 πάντων
788 1552 826 1621 δέ
843 1566 911 1621 τῶν
929 1555 1109 1640 συμμάχων
1121 1557 1208 1639 γνώ-
1321 1575 1322 1580 ’

203 1687 266 1747 μας
287 1661 421 1748 ἀρίστας
442 1661 573 1746 βασιλέι
592 1659 777 1739 ἀπεδέξατο.
823 1670 889 1726 τῶν
914 1658 951 1726 δὲ
972 1659 1126 1739 κατέλεξα
1147 1684 1206 1727 που

204 1772 286 1835 λίων
308 1768 523 1854 ἡγεμονεύειν
545 1767 659 1851 αὐτήν,
682 1767 719 1832 τό
743 1769 845 1844 ε”θνος
867 1765 1043 1850 ἀποφαίνω
1065 1776 1131 1832 πᾶν
1150 1767 1209 1832 έὸυ

204 1879 374 1959 Δωρικόν,
400 1871 675 1960 Ἁλικαρνησσέας
706 1867 767 1955 μέν
797 1875 1028 1957 Τροιζηνίους,
1059 1875 1138 1950 τοὺς
1169 1870 1209 1938 δέ
1323 1937 1324 1940 ,

204 1983 325 2058 ἀλλους
343 1979 583 2066 Ἐπιδαυρίους.

155 2106 204 2155 100
290 2083 343 2162 Ἐς
365 2082 426 2170 μέν
443 2087 582 2152 τοσόνδε
600 2084 619 2150 ό
637 2086 791 2163 ναυτικὸς
809 2085 947 2169 στρατὸς
965 2091 1104 2169 εἴρηται·
1127 2084 1209 2168 Ξέρ-

205 2190 262 2273 ξης
293 2187 330 2254 δέ
362 2188 432 2256 έπελ
462 2192 637 2276 ἠριθμήθη
667 2213 702 2255 τε
733 2187 787 2254 καλ
819 2189 976 2275 διετάχθη
1008 2188 1028 2255 δ
1059 2193 1207 2274 στρατός,

206 2296 392 2378 ἐπεθύμησε
421 2295 519 2373 αὐτός
547 2315 650 2380 σφεας
678 2295 864 2374 διεξελάσας
886 2298 1084 2379 θεήσασθαι.
1128 2297 1208 2379 μετδι

207 2395 244 2464 δέ
271 2398 376 2464 ἐποίεε
403 2408 520 2484 ταῦτα,
546 2399 602 2466 καὶ
630 2400 849 2480 διεξελαύνων
875 2399 928 2467 ἐπὶ
954 2401 1099 2486 ἅρματος
1119 2403 1209 2488 παρὰ

207 2507 307 2582 ἔθνος
325 2504 362 2569 ’έν
380 2503 518 2570 ἕκαστον
535 2505 752 2588 ἐπυνθάνετο,
770 2503 826 2570 καὶ
843 2503 1037 2590 ἀπέγραφον
1055 2507 1091 2572 οί
1105 2531 1208 2592 γραμ-

207 2613 372 2697 ματισταί,
400 2609 462 2686 ἕως
488 2609 521 2688 ἐξ
549 2609 694 2694 ἐσχάτων
721 2610 755 2688 ές
778 2613 897 2696 ἔσχατα
919 2609 1051 2676 ἀπίκετο
1074 2610 1129 2676 καλ
1150 2622 1208 2695 τῆς

207 2718 310 2784 ἵππου
331 2713 386 2782 καλ
408 2724 468 2781 τοῦ
490 2718 597 2795 πεζοῦ.
635 2716 679 2793 ὡς
702 2712 739 2782 δέ
761 2717 863 2781 ταῦτά
883 2715 919 2781 οί
933 2715 1119 2800 ἐπεποίητο,
1140 2729 1208 2782 τῶν

207 2835 294 2890 νεῶν
312 2818 614 2888 κατελκυσθεισέων
633 2819 666 2896 ές
683 2821 869 2904 θάλασσαν,
888 2819 1036 2886 ἐνθαῦτα
1054 2821 1209 2908 ὁΞέρξης

208 2931 364 3016 μετεκβὰς
391 2927 427 2993 έκ
452 2935 513 2992 τοῦ
540 2925 685 3012 ἅρματος
707 2925 740 3002 ές
761 2923 822 2991 νέα
844 2926 1016 3009 Σιδωνίην
1038 2927 1120 3005 ίζετο
1143 2927 1208 2994 ὑπὸ

209 3043 312 3120 σκηνῆ
344 3031 466 3118 χρυσέη
497 3029 554 3097 καὶ
586 3030 747 3117 παρέπλεε
778 3032 868 3117 παρά
897 3031 955 3107 τάς
982 3029 1116 3120 πρρόρας
1141 3045 1208 3099 τῶν

208 3152 305 3224 νεῶν,
340 3137 542 3222 έπειρωτέωυ
570 3159 605 3202 τε
632 3137 768 3216 ἑκάστας
797 3138 918 3222 δμοίως
945 3135 1086 3204 καὶτὸν
1111 3141 1209 3218 πεζὸν

208 3242 263 3312 καλ
285 3244 567 3329 ἀπογραφόμενος.
608 3245 666 3320 τάς
693 3239 730 3308 δὲ
752 3241 829 3320 νέας
851 3243 887 3308 οί
905 3242 1066 3327 ναύαρχοι
1088 3243 1209 3329 ἀναγα-

209 3352 322 3435 γόντες
354 3349 434 3413 ὅσον
466 3372 501 3414 τε
536 3346 674 3434 τέσσερα
705 3347 835 3434 πλέθρα
871 3346 934 3413 ἀπὸ
966 3356 1026 3413 τοῦ
1057 3349 1209 3432 αἰγιαλοῦ

209 3453 431 3537 ἀνεκώχευον,
467 3455 525 3530 τάς
559 3450 693 3539 πρῴρας
727 3453 762 3530 ές
791 3461 856 3535 γῆν
886 3450 1062 3532 τρέψαντες
1091 3453 1210 3532 πάντες
