2640 3960
222 254 265 315 52
634 246 821 304 HERODOTI

221 396 324 472 θεοὺς
347 393 471 480 ἐκείνω,
494 388 515 476 ή
538 387 599 477 μέν
619 383 827 478 Κορινθίους
849 393 989 477 μάλιστα
1008 391 1142 458 πάντων
1161 391 1231 456 ἐπι·

222 503 387 584 ποθήσειν
402 499 686 582 Πεισιστρατίδας,
707 499 787 564 ὅταν
801 516 862 583 σφι
875 499 979 582 ήκωσι
992 495 1110 582 ήμέραι
1125 497 1163 562 αί
1176 498 1233 562 κύ·

224 629 293 688 ριαι
305 605 464 671 ἀνιᾶσθαι
477 601 532 670 ὑπ’
547 601 745 688 Ἀθηναίων.
769 601 897 688 Ἱππίης
910 601 971 688 μὲν
984 603 1133 669 τούτοισι
1142 603 1233 686 ἀμεί·
1283 579 1293 720 ή

222 721 308 788 ψατο
332 703 385 777 οἷά
407 735 442 777 τε
461 714 538 788 τοὺς
556 713 725 796 χρησμοὺς
743 709 957 796 ἀτρεκέστατα
977 710 1110 794 ἀνδρῶν
1129 708 1233 788 ἐξεπι-

223 817 396 900 στάμενος·
420 818 456 883 oc
476 813 513 882 δέ
535 814 646 881 λοιποὶ
668 827 736 882 τῶν
759 817 940 902 σνμμάχων
962 815 1043 892 τέως
1061 812 1122 900 μὲν
1141 811 1232 900 εἶχον

223 923 260 990 ἐν
282 924 402 1008 ἡσυχίῃ
422 921 525 1007 σφέας
543 922 675 1004 αὐτούς,
698 922 803 988 ἐπείτε
822 918 859 988 όέ
877 921 1065 998 Σωσικλέος
1082 923 1232 1004 ήκουσαν

222 1034 375 1104 εἴπαντος
407 1026 606 1112 ἐλευθέρως,
639 1027 724 1103 ἅπας
751 1049 802 1103 τις
818 1026 944 1092 ἀὐτῶν
976 1027 1095 1111 φωνήν
1132 1027 1232 1113 ῥήξας

222 1134 349 1220 αἱρέετο
377 1141 438 1198 τοῦ
460 1135 650 1217 Κορινθίου
677 1133 738 1216 τήν
761 1132 912 1218 γνώμην,
935 1134 1233 1217 Λακεδαιμονίοισί

221 1263 257 1306 τε
289 1239 552 1324 ἐπεμαρτύροντο
585 1239 629 1322 μή
662 1236 787 1303 ποιέειν
820 1235 924 1323 μηδὲν
961 1240 1125 1324 νεώτερον
1157 1237 1231 1325 περὶ

169 1363 204 1412 94
222 1348 320 1411 πόλιν
344 1342 494 1410 Ἑλλάόα.
541 1344 627 1408 οὕτω
651 1340 712 1429 μέν
739 1353 842 1410 ταῦτα
864 1344 1032 1428 ἐπαύσθη,
1060 1341 1170 1430 Ἱππίη
1195 1344 1232 1410 δὲ
1296 1379 1297 1382 “

222 1450 381 1516 ἐνθεῦτεν
403 1448 660 1537 ἀπελαυνομένῳ
684 1448 799 1516 ἐδίδου
822 1445 907 1534 μέν’
902 1451 1060 1534 Αμύντης
1082 1449 1100 1516 6
1118 1453 1230 1516 Μακε
1273 1454 1298 1518 λ

222 1557 292 1621 όὼν
307 1553 544 1640 Ἀνθεμοῦντα,
564 1555 721 1621 ἐδίδοσαν
740 1551 778 1622 66
795 1553 958 1620 Θεσσαλοὶ
977 1549 1120 1621 ’.Ιωλκόν
1156 1555 1174 1621 6
1194 1553 1231 1622 δὲ
1298 1627 1299 1650 ρ

221 1664 349 1727 τούτων
377 1657 438 1746 μέν
466 1659 623 1746 οὐδέτερα
651 1659 794 1746 αίρέετο,
825 1660 986 1746 ἀνεχώρεε
1010 1658 1047 1726 δὲ
1071 1639 1175 1726 ὀπίσω
1199 1663 1230 1740 ές

222 1771 374 1852 Σίγειον,
406 1767 443 1832 τὸ
476 1757 541 1832 εἷλε
569 1769 807 1853 Πεισίστρατος
835 1768 933 1852 αἰχμή
965 1767 1054 1852 παρὰ
1081 1771 1229 1851 Μυτιλη-
1299 1801 1300 1880 χ

221 1877 341 1956 ναίων,
369 1875 532 1957 κρατήσας
561 1868 598 1938 δέ
626 1873 731 1939 αὐτοῦ
753 1872 930 1956 κατέστησε
952 1873 1122 1957 τύραννον
1146 1897 1229 1938 ειναι

221 1980 375 2046 παῑύα
345 2003 404 2045 τον
428 1978 553 2047 ἑωυτοῦ
576 1982 685 2044 νόθον
708 1975 985 2064 Ἡγησίστρατον,
1013 1982 1175 2062 γεγονότα
1197 1980 1229 2058 ἐξ
1300 1977 1301 2064 ή

218 2083 366 2172 Ἀργείης
391 2088 563 2170 γυναικός,
592 2085 628 2161 ὃς
657 2084 718 2149 οὐκ
745 2081 884 2168 ἀμαχητὶ
912 2077 978 2168 εἶχε
1004 2085 1045 2149 πά
1066 2083 1229 2171 παρέλαβε

221 2193 310 2274 παρά
333 2192 582 2276 Πεισιστράτου.
629 2187 807 2272 ἐπολέμεον
834 2191 897 2275 γάρ
926 2192 962 2255 ἐκ
983 2212 1018 2254 τε
1043 2187 1228 2274 Ἀχιλληίου

220 2299 335 2372 πόλιος
354 2296 541 2381 ὁρμώμενοι
558 2292 613 2359 καὶ
632 2297 770 2377 Σιγείου
793 2292 846 2359 ἐπὶ
868 2297 992 2380 χρόνον
1010 2297 1136 2380 συχνὸν
1155 2302 1229 2363 Μυ-

220 2403 388 2481 τιληναῖοί
410 2423 445 2464 τε
476 2397 531 2464 καὶ
559 2395 747 2483 Ἀθηναῖοι,
781 2399 817 2464 οί
843 2396 905 2484 μὲν
933 2399 1143 2480 ἀπαιτέοντες
1170 2405 1229 2488 τήν

221 2506 346 2590 χώρην,
379 2501 551 2587 Ἀθηναῖοι
584 2501 621 2570 δὲ
654 2504 729 2570 ούτε
761 2507 1067 2592 συγγινωσκόμενοι
1099 2507 1229 2576 ἀποδει-

221 2611 359 2687 κνύντες
385 2633 420 2675 τε
447 2612 534 2698 λόγῳ
566 2606 667 2675 οὐδέν
694 2614 820 2694 μᾶλλον
843 2613 1003 2678 Αἰολεῦσι
1030 2615 1147 2699 μετεὸν
1175 2625 1230 2700 τῆς

218 2717 357 2793 Ἰλιάόος
380 2717 488 2802 χώρης
509 2715 530 2799 ή
554 2715 595 2780 ού
617 2712 673 2779 καὶ
696 2717 792 2799 σφίσι
814 2713 869 2781 καὶ
886 2729 973 2782 τοῖσι
991 2719 1133 2803 ἄλλοισι,
1157 2722 1230 2787 ὅσοι

216 2813 387 2908 Ἑλλήνων
405 2819 652 2906 συνεπρήξαντο
671 2819 830 2910 Μενέλεῳ
849 2823 906 2898 τάς
919 2819 1054 2908 Ἑλένης
1073 2824 1230 2910 ἀρπαγάς.

169 2945 203 2995 96
221 2932 451 3014 πολεμεόντων
481 2925 520 2992 δέ
546 2943 659 3009 σφεων
688 2937 829 2992 παντοῖα
855 2925 910 2992 καὶ
932 2929 1016 2994 ἀλλα
1040 2929 1170 3014 ἐγένετο
1195 2933 1230 2998 ἐν

221 3045 296 3121 τήσι
323 3035 459 3120 μάχχσι,
487 3031 524 3098 έν
553 3027 590 3096 δὲ
618 3031 659 3116 δή
687 3029 741 3097 καὶ
766 3028 913 3109 Ἀλκαῖος
939 3034 957 3100 6
985 3037 1121 3121 ποιητὴς
1149 3054 1231 3124 συμ-

222 3144 323 3224 βολῆς
351 3136 532 3222 γενομένης
559 3135 613 3202 καὶ
640 3139 812 3204 νικώντων
836 3135 1024 3223 Ἀθηναίων
1047 3143 1147 3221 αὐτὸς
1169 3142 1230 3228 μὲν

223 3245 358 3329 φεύγων
382 3243 545 3328 ἐκφεύγει,
569 3245 608 3309 τά
628 3243 667 3308 δέ
683 3245 719 3308 ot
734 3245 818 3309 ὅπλα
838 3249 968 3329 ἴσχουσι
982 3243 1157 3330 Ἀθηναῖοι
1175 3254 1233 3315 καί

223 3367 309 3433 σφεα
337 3348 562 3435 ἀνεκρέμασαν
590 3350 673 3432 πρὸς
698 3349 736 3415 τὸ
762 3345 942 3433 Ἀθήναιον
969 3351 1005 3417 τὸ
1035 3351 1073 3418 ἐν
1095 3357 1229 3443 Σιγείῳ.

221 3465 323 3522 ταῦτα
346 3450 384 3520 δέ
403 3452 550 3532 Ἀλκαῖος
573 3455 609 3520 ἐν
632 3454 725 3538 μέλει·
745 3457 885 3538 ποιήσας
907 3455 1050 3522 ἐπιτιθεῖ
1070 3458 1104 3536 ἐς
1121 3464 1230 3526 Μυτι-
