<?xml version="1.0" encoding="UTF-8"?>
<!DOCTYPE html PUBLIC "-//W3C//DTD XHTML 1.0 Transitional//EN"
    "http://www.w3.org/TR/xhtml1/DTD/xhtml1-transitional.dtd">
<html xmlns="http://www.w3.org/1999/xhtml" xml:lang="en" lang="en">
 <head>
  <title>
</title>
<meta http-equiv="Content-Type" content="text/html;charset=utf-8" />
  <meta name='ocr-system' content='tesseract 3.04.00' />
  <meta name='ocr-capabilities' content='ocr_page ocr_carea ocr_par ocr_line ocrx_word'/>
</head>
<body>
  <div class='ocr_page' id='page_1' title='image "./herodotihistori07herogoog_0128.png"; bbox 0 0 2640 3960; ppageno 0'>
   <div class='ocr_carea' id='block_1_1' title="bbox 430 213 1101 280">
    <p class='ocr_par' dir='ltr' id='par_1_1' title="bbox 430 213 1101 280">
     <span class='ocr_line' id='line_1_1' title="bbox 430 213 1101 280; baseline 0.004 -13"><span class='ocrx_word' id='word_1_1' title='bbox 430 213 496 272; x_wconf 89' lang='lat' dir='ltr'>LIB.</span> <span class='ocrx_word' id='word_1_2' title='bbox 510 213 557 268; x_wconf 90' lang='lat' dir='ltr'><strong><em>VI.</em></strong></span> <span class='ocrx_word' id='word_1_3' title='bbox 595 215 670 270; x_wconf 77' lang='lat' dir='ltr'>eAP.</span> <span class='ocrx_word' id='word_1_4' title='bbox 690 219 794 269; x_wconf 80' lang='lat'>8—12.</span> <span class='ocrx_word' id='word_1_5' title='bbox 1061 217 1101 280; x_wconf 74' lang='lat' dir='ltr'><strong><em>&#39;ll</em></strong></span> 
     </span>
    </p>
   </div>
   <div class='ocr_carea' id='block_1_2' title="bbox 17 355 1158 2775">
    <p class='ocr_par' dir='ltr' id='par_1_2' title="bbox 92 355 1158 552">
     <span class='ocr_line' id='line_1_2' title="bbox 94 355 1158 445; baseline 0.004 -21"><span class='ocrx_word' id='word_1_6' title='bbox 94 359 241 444; x_wconf 87' lang='grc' dir='ltr'><strong><em>Βάκτρα,</em></strong></span> <span class='ocrx_word' id='word_1_7' title='bbox 264 355 318 424; x_wconf 84' lang='grc' dir='ltr'><strong><em>καὶ</em></strong></span> <span class='ocrx_word' id='word_1_8' title='bbox 344 359 388 435; x_wconf 77' lang='grc' dir='ltr'><strong><em>ὡς</em></strong></span> <span class='ocrx_word' id='word_1_9' title='bbox 413 360 474 442; x_wconf 80' lang='grc' dir='ltr'><strong><em>τὴν</em></strong></span> <span class='ocrx_word' id='word_1_10' title='bbox 497 360 608 444; x_wconf 84' lang='grc' dir='ltr'><strong><em>χώρην</em></strong></span> <span class='ocrx_word' id='word_1_11' title='bbox 630 360 761 424; x_wconf 87' lang='grc' dir='ltr'><strong><em>ἀλλοισι</em></strong></span> <span class='ocrx_word' id='word_1_12' title='bbox 782 360 1030 445; x_wconf 72' lang='grc' dir='ltr'><strong><em>παραδώσομεν.</em></strong></span> <span class='ocrx_word' id='word_1_13' title='bbox 1071 361 1108 426; x_wconf 78' lang='grc' dir='ltr'><strong><em>οἱ</em></strong></span> <span class='ocrx_word' id='word_1_14' title='bbox 1124 379 1158 428; x_wconf 85' lang='lat'><strong><em>10</em></strong></span> 
     </span>
     <span class='ocr_line' id='line_1_3' title="bbox 92 461 1105 552; baseline 0.002 -22"><span class='ocrx_word' id='word_1_15' title='bbox 92 461 155 548; x_wconf 71' lang='grc' dir='ltr'><strong><em>μὲν</em></strong></span> <span class='ocrx_word' id='word_1_16' title='bbox 184 466 225 548; x_wconf 80' lang='grc' dir='ltr'><strong><em>δὴ</em></strong></span> <span class='ocrx_word' id='word_1_17' title='bbox 254 468 369 548; x_wconf 79' lang='grc' dir='ltr'><strong><em>ἔλεγον</em></strong></span> <span class='ocrx_word' id='word_1_18' title='bbox 395 466 488 548; x_wconf 89' lang='grc' dir='ltr'><strong><em>τάδε,</em></strong></span> <span class='ocrx_word' id='word_1_19' title='bbox 516 476 584 530; x_wconf 80' lang='grc' dir='ltr'><strong><em>τῶν</em></strong></span> <span class='ocrx_word' id='word_1_20' title='bbox 611 461 648 530; x_wconf 72' lang='grc' dir='ltr'><strong><em>δὲ</em></strong></span> <span class='ocrx_word' id='word_1_21' title='bbox 663 461 795 530; x_wconf 83' lang='grc' dir='ltr'><strong><em>-Ἷώυωυ</em></strong></span> <span class='ocrx_word' id='word_1_22' title='bbox 818 466 854 530; x_wconf 69' lang='lat' dir='ltr'><strong><em>oi</em></strong></span> <span class='ocrx_word' id='word_1_23' title='bbox 872 467 1032 552; x_wconf 92' lang='grc' dir='ltr'><strong><em>τύραννοι</em></strong></span> <span class='ocrx_word' id='word_1_24' title='bbox 1055 468 1105 534; x_wconf 84' lang='grc' dir='ltr'><strong><em>δι·</em></strong></span> 
     </span>
    </p>

    <p class='ocr_par' dir='ltr' id='par_1_3' title="bbox 18 568 1104 666">
     <span class='ocr_line' id='line_1_4' title="bbox 18 568 1104 666; baseline 0.002 -30"><span class='ocrx_word' id='word_1_25' title='bbox 18 659 19 666; x_wconf 14' lang='lat'>¹</span> <span class='ocrx_word' id='word_1_26' title='bbox 93 569 242 655; x_wconf 87' lang='grc' dir='ltr'><strong><em>ἐπεμπου</em></strong></span> <span class='ocrx_word' id='word_1_27' title='bbox 259 572 380 648; x_wconf 90' lang='grc' dir='ltr'><strong><em>νυκτὸς</em></strong></span> <span class='ocrx_word' id='word_1_28' title='bbox 393 569 529 647; x_wconf 80' lang='grc' dir='ltr'><strong><em>ἕκαστος</em></strong></span> <span class='ocrx_word' id='word_1_29' title='bbox 543 571 576 647; x_wconf 85' lang='grc' dir='ltr'><strong><em>ἐς</em></strong></span> <span class='ocrx_word' id='word_1_30' title='bbox 588 572 667 648; x_wconf 87' lang='grc' dir='ltr'><strong><em>τοὺς</em></strong></span> <span class='ocrx_word' id='word_1_31' title='bbox 681 568 807 636; x_wconf 81' lang='grc' dir='ltr'><strong><em>ἑωυτοῦ</em></strong></span> <span class='ocrx_word' id='word_1_32' title='bbox 821 569 1104 656; x_wconf 77' lang='grc' dir='ltr'><em>ἐξαγγελλόμενος.</em></span> 
     </span>
    </p>

    <p class='ocr_par' dir='ltr' id='par_1_4' title="bbox 17 671 1104 762">
     <span class='ocr_line' id='line_1_5' title="bbox 17 671 1104 762; baseline 0.002 -21"><span class='ocrx_word' id='word_1_33' title='bbox 17 693 20 762; x_wconf 66' lang='grc' dir='ltr'><strong><em>χ</em></strong></span> <span class='ocrx_word' id='word_1_34' title='bbox 93 679 130 741; x_wconf 91' lang='grc' dir='ltr'><strong><em>οί</em></strong></span> <span class='ocrx_word' id='word_1_35' title='bbox 150 672 188 742; x_wconf 74' lang='grc' dir='ltr'><strong><em>δέ</em></strong></span> <span class='ocrx_word' id='word_1_36' title='bbox 202 675 331 759; x_wconf 85' lang='grc' dir='ltr'><strong><em>Ἴωνες,</em></strong></span> <span class='ocrx_word' id='word_1_37' title='bbox 355 677 388 754; x_wconf 84' lang='grc' dir='ltr'><strong><em>ἐς</em></strong></span> <span class='ocrx_word' id='word_1_38' title='bbox 409 679 488 753; x_wconf 85' lang='grc' dir='ltr'><strong><em>τοὺς</em></strong></span> <span class='ocrx_word' id='word_1_39' title='bbox 509 674 564 742; x_wconf 82' lang='grc' dir='ltr'><strong><em>καὶ</em></strong></span> <span class='ocrx_word' id='word_1_40' title='bbox 587 675 744 742; x_wconf 79' lang='grc' dir='ltr'><strong><em>ἀπίκοντο</em></strong></span> <span class='ocrx_word' id='word_1_41' title='bbox 768 671 864 742; x_wconf 84' lang='grc' dir='ltr'><strong><em>αὗται</em></strong></span> <span class='ocrx_word' id='word_1_42' title='bbox 887 677 924 742; x_wconf 85' lang='grc' dir='ltr'><strong><em>αί</em></strong></span> <span class='ocrx_word' id='word_1_43' title='bbox 944 677 1104 761; x_wconf 75' lang='grc' dir='ltr'><em>ἀγγελίαι,</em></span> 
     </span>
    </p>

    <p class='ocr_par' dir='ltr' id='par_1_5' title="bbox 17 779 1106 973">
     <span class='ocr_line' id='line_1_6' title="bbox 17 779 1105 869; baseline 0.004 -23"><span class='ocrx_word' id='word_1_44' title='bbox 17 819 18 824; x_wconf 43' lang='lat'>1</span> <span class='ocrx_word' id='word_1_45' title='bbox 93 783 316 868; x_wconf 75' lang='grc' dir='ltr'><strong><em>ἀγνωμοσύνῃ</em></strong></span> <span class='ocrx_word' id='word_1_46' title='bbox 339 805 374 846; x_wconf 90' lang='grc' dir='ltr'><strong><em>τε</em></strong></span> <span class='ocrx_word' id='word_1_47' title='bbox 398 779 592 866; x_wconf 79' lang='grc' dir='ltr'><strong><em>διεχρέωντο</em></strong></span> <span class='ocrx_word' id='word_1_48' title='bbox 615 779 670 847; x_wconf 81' lang='grc' dir='ltr'><strong><em>καὶ</em></strong></span> <span class='ocrx_word' id='word_1_49' title='bbox 693 783 735 847; x_wconf 87' lang='grc' dir='ltr'><strong><em>οὐ</em></strong></span> <span class='ocrx_word' id='word_1_50' title='bbox 752 785 927 867; x_wconf 78' lang='grc' dir='ltr'><strong><em>προσίεντο</em></strong></span> <span class='ocrx_word' id='word_1_51' title='bbox 945 782 1007 867; x_wconf 80' lang='grc' dir='ltr'><strong><em>τῃυ</em></strong></span> <span class='ocrx_word' id='word_1_52' title='bbox 1024 806 1105 869; x_wconf 89' lang='grc' dir='ltr'><strong><em>προ-</em></strong></span> 
     </span>
     <span class='ocr_line' id='line_1_7' title="bbox 94 884 1106 973; baseline 0 -20"><span class='ocrx_word' id='word_1_53' title='bbox 94 889 229 972; x_wconf 84' lang='grc' dir='ltr'><strong><em>δοσίην,</em></strong></span> <span class='ocrx_word' id='word_1_54' title='bbox 258 887 410 954; x_wconf 83' lang='grc' dir='ltr'><strong><em>ἑωυτοῖσι</em></strong></span> <span class='ocrx_word' id='word_1_55' title='bbox 437 884 474 953; x_wconf 75' lang='grc' dir='ltr'><strong><em>δὲ</em></strong></span> <span class='ocrx_word' id='word_1_56' title='bbox 501 887 632 953; x_wconf 81' lang='grc' dir='ltr'><strong><em>ἕκαστοι</em></strong></span> <span class='ocrx_word' id='word_1_57' title='bbox 660 888 793 953; x_wconf 87' lang='grc' dir='ltr'><strong><em>ἐδόκεον</em></strong></span> <span class='ocrx_word' id='word_1_58' title='bbox 820 889 975 973; x_wconf 86' lang='grc' dir='ltr'><strong><em>μούνοισι</em></strong></span> <span class='ocrx_word' id='word_1_59' title='bbox 1001 897 1106 954; x_wconf 87' lang='grc' dir='ltr'><strong><em>ταῦτα</em></strong></span> 
     </span>
    </p>

    <p class='ocr_par' dir='ltr' id='par_1_6' title="bbox 17 983 1158 2775">
     <span class='ocr_line' id='line_1_8' title="bbox 17 983 1106 1079; baseline 0.001 -21"><span class='ocrx_word' id='word_1_60' title='bbox 17 983 18 986; x_wconf 28' lang='grc'><strong>“</strong></span> <span class='ocrx_word' id='word_1_61' title='bbox 92 997 172 1072; x_wconf 87' lang='grc' dir='ltr'><strong><em>τοὺς</em></strong></span> <span class='ocrx_word' id='word_1_62' title='bbox 205 992 337 1077; x_wconf 79' lang='grc' dir='ltr'><strong><em>Πέρσας</em></strong></span> <span class='ocrx_word' id='word_1_63' title='bbox 368 991 631 1077; x_wconf 78' lang='grc' dir='ltr'><strong><em>ἐξαγγέλλεσθαι.</em></strong></span> <span class='ocrx_word' id='word_1_64' title='bbox 680 1002 782 1059; x_wconf 86' lang='grc' dir='ltr'><strong><em>ταῦτα</em></strong></span> <span class='ocrx_word' id='word_1_65' title='bbox 813 993 874 1079; x_wconf 90' lang='grc' dir='ltr'><strong><em>μέν</em></strong></span> <span class='ocrx_word' id='word_1_66' title='bbox 909 1018 974 1060; x_wconf 90' lang='grc' dir='ltr'><strong><em>νυν</em></strong></span> <span class='ocrx_word' id='word_1_67' title='bbox 1006 993 1106 1070; x_wconf 75' lang='grc' dir='ltr'><strong><em>ἀθέως</em></strong></span> 
     </span>
     <span class='ocr_line' id='line_1_9' title="bbox 93 1099 1106 1184; baseline 0.001 -19"><span class='ocrx_word' id='word_1_68' title='bbox 93 1099 304 1184; x_wconf 82' lang='grc' dir='ltr'><strong><em>ἀπικομένων</em></strong></span> <span class='ocrx_word' id='word_1_69' title='bbox 337 1100 370 1177; x_wconf 87' lang='grc' dir='ltr'><strong><em>ἐς</em></strong></span> <span class='ocrx_word' id='word_1_70' title='bbox 400 1101 462 1183; x_wconf 77' lang='grc' dir='ltr'><strong><em>τὴν</em></strong></span> <span class='ocrx_word' id='word_1_71' title='bbox 491 1103 646 1182; x_wconf 80' lang='grc' dir='ltr'><strong><em>Μίλητον</em></strong></span> <span class='ocrx_word' id='word_1_72' title='bbox 677 1110 745 1165; x_wconf 83' lang='grc' dir='ltr'><strong><em>τῶν</em></strong></span> <span class='ocrx_word' id='word_1_73' title='bbox 773 1099 931 1184; x_wconf 86' lang='grc' dir='ltr'><strong><em>Περσέων</em></strong></span> <span class='ocrx_word' id='word_1_74' title='bbox 966 1101 1106 1183; x_wconf 84' lang='grc' dir='ltr'><strong><em>ἐγίνετο·</em></strong></span> 
     </span>
     <span class='ocr_line' id='line_1_10' title="bbox 92 1201 1158 1290; baseline 0.005 -20"><span class='ocrx_word' id='word_1_75' title='bbox 92 1207 174 1290; x_wconf 84' lang='grc' dir='ltr'><strong><em>μετὰ</em></strong></span> <span class='ocrx_word' id='word_1_76' title='bbox 198 1201 235 1270; x_wconf 66' lang='grc' dir='ltr'><strong><em>δέ</em></strong></span> <span class='ocrx_word' id='word_1_77' title='bbox 257 1216 323 1270; x_wconf 84' lang='grc' dir='ltr'><strong><em>τῶν</em></strong></span> <span class='ocrx_word' id='word_1_78' title='bbox 343 1203 467 1270; x_wconf 85' lang='grc' dir='ltr'><strong><em>Ἰώνων</em></strong></span> <span class='ocrx_word' id='word_1_79' title='bbox 489 1205 740 1290; x_wconf 80' lang='grc' dir='ltr'><strong><em>συλλεχθέντων</em></strong></span> <span class='ocrx_word' id='word_1_80' title='bbox 763 1205 797 1283; x_wconf 81' lang='grc' dir='ltr'><strong><em>ἐς</em></strong></span> <span class='ocrx_word' id='word_1_81' title='bbox 818 1207 880 1290; x_wconf 77' lang='grc' dir='ltr'><strong><em>τὴν</em></strong></span> <span class='ocrx_word' id='word_1_82' title='bbox 898 1206 1017 1288; x_wconf 88' lang='grc' dir='ltr'><strong><em>Λάδῃν</em></strong></span> <span class='ocrx_word' id='word_1_83' title='bbox 1040 1206 1105 1289; x_wconf 83' lang='grc' dir='ltr'><strong><em>ἐγί-</em></strong></span> <span class='ocrx_word' id='word_1_84' title='bbox 1125 1226 1158 1275; x_wconf 86' lang='lat'><strong><em>11</em></strong></span> 
     </span>
     <span class='ocr_line' id='line_1_11' title="bbox 93 1308 1104 1396; baseline -0.001 -19"><span class='ocrx_word' id='word_1_85' title='bbox 93 1334 197 1377; x_wconf 89' lang='grc' dir='ltr'><strong><em>νοντο</em></strong></span> <span class='ocrx_word' id='word_1_86' title='bbox 226 1311 359 1395; x_wconf 91' lang='grc' dir='ltr'><strong><em>ἀγοραί,</em></strong></span> <span class='ocrx_word' id='word_1_87' title='bbox 387 1308 442 1375; x_wconf 84' lang='grc' dir='ltr'><strong><em>καλ</em></strong></span> <span class='ocrx_word' id='word_1_88' title='bbox 470 1312 512 1394; x_wconf 83' lang='grc' dir='ltr'><strong><em>δή</em></strong></span> <span class='ocrx_word' id='word_1_89' title='bbox 538 1312 600 1376; x_wconf 89' lang='grc' dir='ltr'><strong><em>κού</em></strong></span> <span class='ocrx_word' id='word_1_90' title='bbox 625 1328 687 1394; x_wconf 80' lang='grc' dir='ltr'><strong><em>σφι</em></strong></span> <span class='ocrx_word' id='word_1_91' title='bbox 709 1309 764 1376; x_wconf 81' lang='grc' dir='ltr'><strong><em>καὶ</em></strong></span> <span class='ocrx_word' id='word_1_92' title='bbox 787 1313 881 1377; x_wconf 89' lang='grc' dir='ltr'><strong><em>ἀλλοι</em></strong></span> <span class='ocrx_word' id='word_1_93' title='bbox 903 1311 1104 1396; x_wconf 81' lang='grc' dir='ltr'><strong><em>ἠγορόωντο,</em></strong></span> 
     </span>
     <span class='ocr_line' id='line_1_12' title="bbox 93 1414 1106 1503; baseline 0 -21"><span class='ocrx_word' id='word_1_94' title='bbox 93 1417 129 1482; x_wconf 90' lang='grc' dir='ltr'><strong><em>ἐν</em></strong></span> <span class='ocrx_word' id='word_1_95' title='bbox 148 1414 187 1483; x_wconf 74' lang='grc' dir='ltr'><strong><em>δὲ</em></strong></span> <span class='ocrx_word' id='word_1_96' title='bbox 207 1417 248 1499; x_wconf 74' lang='grc' dir='ltr'><strong><em>δὴ</em></strong></span> <span class='ocrx_word' id='word_1_97' title='bbox 266 1415 321 1482; x_wconf 81' lang='grc' dir='ltr'><strong><em>καὶ</em></strong></span> <span class='ocrx_word' id='word_1_98' title='bbox 340 1417 358 1482; x_wconf 87' lang='grc' dir='ltr'><strong><em>ὑ</em></strong></span> <span class='ocrx_word' id='word_1_99' title='bbox 380 1419 549 1494; x_wconf 81' lang='grc' dir='ltr'><strong><em>Φωκαιεὺς</em></strong></span> <span class='ocrx_word' id='word_1_100' title='bbox 568 1417 775 1503; x_wconf 81' lang='grc' dir='ltr'><strong><em>[στρατηγὸς]</em></strong></span> <span class='ocrx_word' id='word_1_101' title='bbox 795 1418 977 1494; x_wconf 84' lang='grc' dir='ltr'><strong><em>Διονύσιος</em></strong></span> <span class='ocrx_word' id='word_1_102' title='bbox 999 1416 1106 1500; x_wconf 87' lang='grc' dir='ltr'><strong><em>λέγων</em></strong></span> 
     </span>
     <span class='ocr_line' id='line_1_13' title="bbox 93 1518 1105 1609; baseline 0.002 -23"><span class='ocrx_word' id='word_1_103' title='bbox 93 1524 187 1588; x_wconf 86' lang='grc' dir='ltr'><strong><em>τάδε·</em></strong></span> <span class='ocrx_word' id='word_1_104' title='bbox 207 1518 277 1587; x_wconf 79' lang='grc' dir='ltr'><strong><em>Ἐπὶ</em></strong></span> <span class='ocrx_word' id='word_1_105' title='bbox 301 1523 403 1608; x_wconf 83' lang='grc' dir='ltr'><strong><em>ξυροῦ</em></strong></span> <span class='ocrx_word' id='word_1_106' title='bbox 425 1524 489 1607; x_wconf 90' lang='grc' dir='ltr'><strong><em>γάρ</em></strong></span> <span class='ocrx_word' id='word_1_107' title='bbox 512 1523 615 1607; x_wconf 79' lang='grc' dir='ltr'><strong><em>ἀκμῆς</em></strong></span> <span class='ocrx_word' id='word_1_108' title='bbox 637 1525 743 1608; x_wconf 82' lang='grc' dir='ltr'><strong><em>ἔχεται</em></strong></span> <span class='ocrx_word' id='word_1_109' title='bbox 765 1522 845 1607; x_wconf 78' lang='grc' dir='ltr'><strong><em>ἡμῖν</em></strong></span> <span class='ocrx_word' id='word_1_110' title='bbox 863 1526 903 1588; x_wconf 90' lang='grc' dir='ltr'><strong><em>τά</em></strong></span> <span class='ocrx_word' id='word_1_111' title='bbox 920 1525 1105 1609; x_wconf 79' lang='grc' dir='ltr'><strong><em>πρήγματα,</em></strong></span> 
     </span>
     <span class='ocr_line' id='line_1_14' title="bbox 93 1624 1106 1714; baseline 0.001 -21"><span class='ocrx_word' id='word_1_112' title='bbox 93 1630 214 1713; x_wconf 88' lang='grc' dir='ltr'><strong><em>ἀνδρες</em></strong></span> <span class='ocrx_word' id='word_1_113' title='bbox 236 1626 366 1711; x_wconf 81' lang='grc' dir='ltr'><strong><em>Ἴωνες,</em></strong></span> <span class='ocrx_word' id='word_1_114' title='bbox 398 1627 418 1711; x_wconf 79' lang='grc' dir='ltr'><em>ἢ</em></span> <span class='ocrx_word' id='word_1_115' title='bbox 448 1624 534 1694; x_wconf 86' lang='grc' dir='ltr'><strong><em>εἶναι</em></strong></span> <span class='ocrx_word' id='word_1_116' title='bbox 561 1627 767 1714; x_wconf 80' lang='grc' dir='ltr'><strong><em>ἐλευθέροισι</em></strong></span> <span class='ocrx_word' id='word_1_117' title='bbox 797 1627 819 1712; x_wconf 77' lang='grc' dir='ltr'>ἢ</span> <span class='ocrx_word' id='word_1_118' title='bbox 852 1629 1018 1712; x_wconf 89' lang='grc' dir='ltr'><strong><em>δούλοισι,</em></strong></span> <span class='ocrx_word' id='word_1_119' title='bbox 1049 1627 1106 1694; x_wconf 82' lang='grc' dir='ltr'><strong><em>καὶ</em></strong></span> 
     </span>
     <span class='ocr_line' id='line_1_15' title="bbox 93 1730 1105 1819; baseline -0.001 -18"><span class='ocrx_word' id='word_1_120' title='bbox 93 1735 243 1801; x_wconf 89' lang='grc' dir='ltr'><strong><em>τούτοισι</em></strong></span> <span class='ocrx_word' id='word_1_121' title='bbox 261 1734 305 1812; x_wconf 84' lang='grc' dir='ltr'><strong><em>ὡς</em></strong></span> <span class='ocrx_word' id='word_1_122' title='bbox 324 1733 516 1818; x_wconf 81' lang='grc' dir='ltr'><strong><em>δρηπέτῃσι·</em></strong></span> <span class='ocrx_word' id='word_1_123' title='bbox 537 1743 602 1800; x_wconf 84' lang='grc' dir='ltr'><strong><em>νῦν</em></strong></span> <span class='ocrx_word' id='word_1_124' title='bbox 621 1730 669 1799; x_wconf 80' lang='grc' dir='ltr'><strong><em>ὧν</em></strong></span> <span class='ocrx_word' id='word_1_125' title='bbox 686 1734 780 1818; x_wconf 77' lang='grc' dir='ltr'><strong><em>ὑμεῖς</em></strong></span> <span class='ocrx_word' id='word_1_126' title='bbox 797 1732 840 1818; x_wconf 73' lang='grc' dir='ltr'><strong><em>ἢν</em></strong></span> <span class='ocrx_word' id='word_1_127' title='bbox 857 1730 919 1819; x_wconf 73' lang='grc' dir='ltr'><strong><em>μὲν</em></strong></span> <span class='ocrx_word' id='word_1_128' title='bbox 936 1736 1105 1818; x_wconf 82' lang='grc' dir='ltr'><strong><em>βούλησθε</em></strong></span> 
     </span>
     <span class='ocr_line' id='line_1_16' title="bbox 94 1835 1106 1925; baseline 0 -19"><span class='ocrx_word' id='word_1_129' title='bbox 94 1843 317 1924; x_wconf 82' lang='grc' dir='ltr'><strong><em>ταλαιπωρίας</em></strong></span> <span class='ocrx_word' id='word_1_130' title='bbox 335 1839 540 1923; x_wconf 89' lang='grc' dir='ltr'><strong><em>ἐνδέκεσθαι,</em></strong></span> <span class='ocrx_word' id='word_1_131' title='bbox 558 1841 596 1906; x_wconf 89' lang='grc' dir='ltr'><strong><em>τὸ</em></strong></span> <span class='ocrx_word' id='word_1_132' title='bbox 615 1849 810 1925; x_wconf 80' lang='grc' dir='ltr'><strong><em>παραχρῆμα</em></strong></span> <span class='ocrx_word' id='word_1_133' title='bbox 828 1835 889 1924; x_wconf 68' lang='grc' dir='ltr'><strong><em>μέν</em></strong></span> <span class='ocrx_word' id='word_1_134' title='bbox 906 1843 1008 1917; x_wconf 85' lang='grc' dir='ltr'><strong><em>πόνος</em></strong></span> <span class='ocrx_word' id='word_1_135' title='bbox 1026 1840 1106 1924; x_wconf 83' lang='grc' dir='ltr'><strong><em>ὑμῖν</em></strong></span> 
     </span>
     <span class='ocr_line' id='line_1_17' title="bbox 95 1938 1106 2030; baseline 0.001 -19"><span class='ocrx_word' id='word_1_136' title='bbox 95 1949 197 2029; x_wconf 80' lang='grc' dir='ltr'><strong><em>ἔσται,</em></strong></span> <span class='ocrx_word' id='word_1_137' title='bbox 221 1938 290 2011; x_wconf 86' lang='grc' dir='ltr'><strong><em>οἷοί</em></strong></span> <span class='ocrx_word' id='word_1_138' title='bbox 308 1969 343 2012; x_wconf 89' lang='grc' dir='ltr'><strong><em>τε</em></strong></span> <span class='ocrx_word' id='word_1_139' title='bbox 367 1942 403 2011; x_wconf 73' lang='grc' dir='ltr'><strong><em>δὲ</em></strong></span> <span class='ocrx_word' id='word_1_140' title='bbox 424 1948 540 2011; x_wconf 90' lang='grc' dir='ltr'><strong><em>ἐσεσθε</em></strong></span> <span class='ocrx_word' id='word_1_141' title='bbox 559 1945 821 2030; x_wconf 84' lang='grc' dir='ltr'><strong><em>ὑπερβαλόμενοι</em></strong></span> <span class='ocrx_word' id='word_1_142' title='bbox 838 1948 917 2022; x_wconf 87' lang='grc' dir='ltr'><strong><em>τοὺς</em></strong></span> <span class='ocrx_word' id='word_1_143' title='bbox 934 1945 1106 2023; x_wconf 79' lang='grc' dir='ltr'><strong><em>ἐναντίους</em></strong></span> 
     </span>
     <span class='ocr_line' id='line_1_18' title="bbox 96 2049 1105 2137; baseline -0.002 -19"><span class='ocrx_word' id='word_1_144' title='bbox 96 2049 182 2118; x_wconf 87' lang='grc' dir='ltr'><strong><em>εἶναι</em></strong></span> <span class='ocrx_word' id='word_1_145' title='bbox 204 2052 390 2137; x_wconf 89' lang='grc' dir='ltr'><strong><em>ἐλεύθεροι·</em></strong></span> <span class='ocrx_word' id='word_1_146' title='bbox 423 2054 455 2117; x_wconf 85' lang='grc' dir='ltr'><strong><em>εί</em></strong></span> <span class='ocrx_word' id='word_1_147' title='bbox 476 2049 513 2118; x_wconf 69' lang='grc' dir='ltr'><strong><em>δὲ</em></strong></span> <span class='ocrx_word' id='word_1_148' title='bbox 536 2055 677 2137; x_wconf 78' lang='grc' dir='ltr'><strong><em>μαλακίῃ</em></strong></span> <span class='ocrx_word' id='word_1_149' title='bbox 699 2075 734 2117; x_wconf 93' lang='grc' dir='ltr'><strong><em>τε</em></strong></span> <span class='ocrx_word' id='word_1_150' title='bbox 756 2049 812 2117; x_wconf 78' lang='grc' dir='ltr'><strong><em>καὶ</em></strong></span> <span class='ocrx_word' id='word_1_151' title='bbox 834 2050 947 2136; x_wconf 86' lang='grc' dir='ltr'><strong><em>ἀταξίῃ</em></strong></span> <span class='ocrx_word' id='word_1_152' title='bbox 972 2053 1105 2137; x_wconf 78' lang='grc' dir='ltr'><strong><em>διαχρή-</em></strong></span> 
     </span>
     <span class='ocr_line' id='line_1_19' title="bbox 96 2156 1105 2243; baseline 0 -19"><span class='ocrx_word' id='word_1_153' title='bbox 96 2165 213 2243; x_wconf 86' lang='grc' dir='ltr'><strong><em>σησθε,</em></strong></span> <span class='ocrx_word' id='word_1_154' title='bbox 233 2158 392 2242; x_wconf 87' lang='grc' dir='ltr'><strong><em>οὐδεμίαν</em></strong></span> <span class='ocrx_word' id='word_1_155' title='bbox 410 2156 521 2242; x_wconf 86' lang='grc' dir='ltr'><strong><em>ὑμέων</em></strong></span> <span class='ocrx_word' id='word_1_156' title='bbox 538 2161 600 2242; x_wconf 88' lang='grc' dir='ltr'><strong><em>έχω</em></strong></span> <span class='ocrx_word' id='word_1_157' title='bbox 615 2157 731 2222; x_wconf 80' lang='grc' dir='ltr'><strong><em>ἐλπίδα</em></strong></span> <span class='ocrx_word' id='word_1_158' title='bbox 748 2159 792 2242; x_wconf 81' lang='grc' dir='ltr'><strong><em>μὴ</em></strong></span> <span class='ocrx_word' id='word_1_159' title='bbox 812 2157 852 2223; x_wconf 88' lang='grc' dir='ltr'><strong><em>οὑ</em></strong></span> <span class='ocrx_word' id='word_1_160' title='bbox 870 2158 990 2222; x_wconf 83' lang='grc' dir='ltr'><strong><em>δώσειν</em></strong></span> <span class='ocrx_word' id='word_1_161' title='bbox 1003 2156 1105 2242; x_wconf 83' lang='grc' dir='ltr'><strong><em>ὑμέας</em></strong></span> 
     </span>
     <span class='ocr_line' id='line_1_20' title="bbox 96 2261 1104 2348; baseline -0.002 -17"><span class='ocrx_word' id='word_1_162' title='bbox 96 2268 195 2348; x_wconf 82' lang='grc' dir='ltr'><strong><em>δίκην</em></strong></span> <span class='ocrx_word' id='word_1_163' title='bbox 218 2263 348 2347; x_wconf 80' lang='grc' dir='ltr'><strong><em>βασιλέι·</em></strong></span> <span class='ocrx_word' id='word_1_164' title='bbox 368 2273 425 2347; x_wconf 79' lang='grc' dir='ltr'><strong><em>τῆς</em></strong></span> <span class='ocrx_word' id='word_1_165' title='bbox 449 2263 654 2340; x_wconf 84' lang='grc' dir='ltr'><strong><em>ἀποστάσιος.</em></strong></span> <span class='ocrx_word' id='word_1_166' title='bbox 696 2261 766 2328; x_wconf 90' lang='grc' dir='ltr'><strong><em>ἀλλ’</em></strong></span> <span class='ocrx_word' id='word_1_167' title='bbox 793 2262 869 2348; x_wconf 86' lang='grc' dir='ltr'><strong><em>ἐμοί</em></strong></span> <span class='ocrx_word' id='word_1_168' title='bbox 887 2287 922 2329; x_wconf 87' lang='grc' dir='ltr'><strong><em>τε</em></strong></span> <span class='ocrx_word' id='word_1_169' title='bbox 944 2267 1104 2330; x_wconf 77' lang='grc' dir='ltr'><strong><em>πείθεσθε</em></strong></span> 
     </span>
     <span class='ocr_line' id='line_1_21' title="bbox 93 2367 1105 2455; baseline 0 -19"><span class='ocrx_word' id='word_1_170' title='bbox 93 2369 151 2436; x_wconf 78' lang='grc' dir='ltr'><strong><em>καὶ</em></strong></span> <span class='ocrx_word' id='word_1_171' title='bbox 172 2368 246 2454; x_wconf 83' lang='grc' dir='ltr'><strong><em>ἐμοὶ</em></strong></span> <span class='ocrx_word' id='word_1_172' title='bbox 263 2368 365 2454; x_wconf 90' lang='grc' dir='ltr'><strong><em>ὑμέας</em></strong></span> <span class='ocrx_word' id='word_1_173' title='bbox 383 2370 503 2446; x_wconf 88' lang='grc' dir='ltr'><strong><em>αὐτοὺς</em></strong></span> <span class='ocrx_word' id='word_1_174' title='bbox 522 2369 726 2455; x_wconf 79' lang='grc' dir='ltr'><strong><em>ἐπιτρέψατε·</em></strong></span> <span class='ocrx_word' id='word_1_175' title='bbox 749 2367 805 2435; x_wconf 81' lang='grc' dir='ltr'><strong><em>καὶ</em></strong></span> <span class='ocrx_word' id='word_1_176' title='bbox 822 2369 902 2453; x_wconf 80' lang='grc' dir='ltr'><strong><em>ὑμῖν</em></strong></span> <span class='ocrx_word' id='word_1_177' title='bbox 920 2369 995 2454; x_wconf 80' lang='grc' dir='ltr'><strong><em>ἐγώ,</em></strong></span> <span class='ocrx_word' id='word_1_178' title='bbox 1013 2377 1105 2437; x_wconf 83' lang='grc' dir='ltr'><strong><em>θεῶν</em></strong></span> 
     </span>
     <span class='ocr_line' id='line_1_22' title="bbox 93 2475 1104 2561; baseline 0 -18"><span class='ocrx_word' id='word_1_179' title='bbox 93 2480 135 2542; x_wconf 88' lang='grc' dir='ltr'><strong><em>τά</em></strong></span> <span class='ocrx_word' id='word_1_180' title='bbox 154 2483 210 2542; x_wconf 81' lang='grc' dir='ltr'><strong><em>λσα</em></strong></span> <span class='ocrx_word' id='word_1_181' title='bbox 227 2478 407 2560; x_wconf 89' lang='grc' dir='ltr'><strong><em>νεμόντων,</em></strong></span> <span class='ocrx_word' id='word_1_182' title='bbox 425 2475 628 2561; x_wconf 87' lang='grc' dir='ltr'><strong><em>ὑποδέκομαι</em></strong></span> <span class='ocrx_word' id='word_1_183' title='bbox 641 2475 662 2560; x_wconf 76' lang='grc' dir='ltr'><em>ἢ</em></span> <span class='ocrx_word' id='word_1_184' title='bbox 677 2476 718 2542; x_wconf 88' lang='grc' dir='ltr'><strong><em>οὐ</em></strong></span> <span class='ocrx_word' id='word_1_185' title='bbox 733 2475 905 2560; x_wconf 84' lang='grc' dir='ltr'><strong><em>συμμίξειν</em></strong></span> <span class='ocrx_word' id='word_1_186' title='bbox 918 2479 996 2554; x_wconf 89' lang='grc' dir='ltr'><strong><em>τοὺς</em></strong></span> <span class='ocrx_word' id='word_1_187' title='bbox 1009 2482 1104 2543; x_wconf 91' lang='grc' dir='ltr'><strong><em>πολε-</em></strong></span> 
     </span>
     <span class='ocr_line' id='line_1_23' title="bbox 94 2581 1158 2668; baseline 0.002 -20"><span class='ocrx_word' id='word_1_188' title='bbox 94 2586 192 2668; x_wconf 92' lang='grc' dir='ltr'><strong><em>μίους</em></strong></span> <span class='ocrx_word' id='word_1_189' title='bbox 223 2581 244 2665; x_wconf 77' lang='grc' dir='ltr'><em>ἢ</em></span> <span class='ocrx_word' id='word_1_190' title='bbox 272 2584 517 2666; x_wconf 86' lang='grc' dir='ltr'><strong><em>συμμίσγοντας</em></strong></span> <span class='ocrx_word' id='word_1_191' title='bbox 547 2583 672 2646; x_wconf 89' lang='grc' dir='ltr'><strong><em>πολλὸν</em></strong></span> <span class='ocrx_word' id='word_1_192' title='bbox 700 2581 956 2648; x_wconf 84' lang='grc' dir='ltr'><strong><em>ἐλασσὺσεσθαι.</em></strong></span> <span class='ocrx_word' id='word_1_193' title='bbox 1000 2592 1104 2648; x_wconf 86' lang='grc' dir='ltr'><strong><em>ταῦτα</em></strong></span> <span class='ocrx_word' id='word_1_194' title='bbox 1125 2601 1158 2650; x_wconf 76' lang='lat'><strong><em>12</em></strong></span> 
     </span>
     <span class='ocr_line' id='line_1_24' title="bbox 95 2686 1105 2775; baseline -0.002 -21"><span class='ocrx_word' id='word_1_195' title='bbox 95 2689 297 2765; x_wconf 90' lang='grc' dir='ltr'><strong><em>ἀκούσαντες</em></strong></span> <span class='ocrx_word' id='word_1_196' title='bbox 311 2689 347 2753; x_wconf 87' lang='grc' dir='ltr'><strong><em>οί</em></strong></span> <span class='ocrx_word' id='word_1_197' title='bbox 358 2686 472 2764; x_wconf 87' lang='grc' dir='ltr'><strong><em>Ἴωνες</em></strong></span> <span class='ocrx_word' id='word_1_198' title='bbox 485 2687 700 2772; x_wconf 86' lang='grc' dir='ltr'><strong><em>ἐπιτράπουσι</em></strong></span> <span class='ocrx_word' id='word_1_199' title='bbox 714 2688 817 2772; x_wconf 88' lang='grc' dir='ltr'><strong><em>σφέας</em></strong></span> <span class='ocrx_word' id='word_1_200' title='bbox 831 2688 952 2764; x_wconf 90' lang='grc' dir='ltr'><strong><em>αὑτοὺς</em></strong></span> <span class='ocrx_word' id='word_1_201' title='bbox 964 2695 1009 2775; x_wconf 73' lang='grc' dir='ltr'><strong><em>τῷ</em></strong></span> <span class='ocrx_word' id='word_1_202' title='bbox 1023 2693 1105 2752; x_wconf 90' lang='grc' dir='ltr'><strong><em>Διο-</em></strong></span> 
     </span>
    </p>
   </div>
   <div class='ocr_carea' id='block_1_3' title="bbox 94 2789 1106 3516">
    <p class='ocr_par' dir='ltr' id='par_1_7' title="bbox 94 2789 1106 3516">
     <span class='ocr_line' id='line_1_25' title="bbox 94 2789 1105 2884; baseline -0.005 -23"><span class='ocrx_word' id='word_1_203' title='bbox 94 2797 210 2884; x_wconf 78' lang='grc' dir='ltr'><strong><em>νυσίῳ.</em></strong></span> <span class='ocrx_word' id='word_1_204' title='bbox 244 2793 262 2858; x_wconf 88' lang='grc' dir='ltr'><strong><em>ὑ</em></strong></span> <span class='ocrx_word' id='word_1_205' title='bbox 282 2789 319 2859; x_wconf 72' lang='grc' dir='ltr'><strong><em>δὲ</em></strong></span> <span class='ocrx_word' id='word_1_206' title='bbox 338 2794 470 2876; x_wconf 89' lang='grc' dir='ltr'><strong><em>ἀυάγωυ</em></strong></span> <span class='ocrx_word' id='word_1_207' title='bbox 489 2792 640 2860; x_wconf 84' lang='grc' dir='ltr'><strong><em>έκάστοτε</em></strong></span> <span class='ocrx_word' id='word_1_208' title='bbox 659 2792 711 2859; x_wconf 73' lang='grc' dir='ltr'><strong><em>ἐπὶ</em></strong></span> <span class='ocrx_word' id='word_1_209' title='bbox 728 2793 825 2879; x_wconf 89' lang='grc' dir='ltr'><strong><em>κέρας</em></strong></span> <span class='ocrx_word' id='word_1_210' title='bbox 842 2795 900 2870; x_wconf 88' lang='grc' dir='ltr'><strong><em>τάς</em></strong></span> <span class='ocrx_word' id='word_1_211' title='bbox 916 2792 1002 2875; x_wconf 89' lang='grc' dir='ltr'><strong><em>νέας,</em></strong></span> <span class='ocrx_word' id='word_1_212' title='bbox 1021 2792 1105 2868; x_wconf 83' lang='grc' dir='ltr'><strong><em>ὅκως</em></strong></span> 
     </span>
     <span class='ocr_line' id='line_1_26' title="bbox 94 2895 1105 2984; baseline -0.003 -20"><span class='ocrx_word' id='word_1_213' title='bbox 94 2911 183 2966; x_wconf 78' lang='grc' dir='ltr'><strong><em>τοῖσι</em></strong></span> <span class='ocrx_word' id='word_1_214' title='bbox 201 2897 330 2984; x_wconf 88' lang='grc' dir='ltr'><strong><em>ἐρέτῃσι</em></strong></span> <span class='ocrx_word' id='word_1_215' title='bbox 348 2903 504 2984; x_wconf 81' lang='grc' dir='ltr'><strong><em>χρήσαιτο</em></strong></span> <span class='ocrx_word' id='word_1_216' title='bbox 519 2898 694 2966; x_wconf 90' lang='grc' dir='ltr'><strong><em>διέκπλοον</em></strong></span> <span class='ocrx_word' id='word_1_217' title='bbox 708 2901 902 2982; x_wconf 87' lang='grc' dir='ltr'><strong><em>ποιεύμενος</em></strong></span> <span class='ocrx_word' id='word_1_218' title='bbox 917 2906 991 2982; x_wconf 77' lang='grc' dir='ltr'><strong><em>τῇσι</em></strong></span> <span class='ocrx_word' id='word_1_219' title='bbox 1004 2895 1105 2980; x_wconf 83' lang='grc' dir='ltr'><strong><em>υῃυσλ</em></strong></span> 
     </span>
     <span class='ocr_line' id='line_1_27' title="bbox 95 3000 1106 3089; baseline -0.005 -18"><span class='ocrx_word' id='word_1_220' title='bbox 95 3000 142 3071; x_wconf 87' lang='grc' dir='ltr'><strong><em>δι’</em></strong></span> <span class='ocrx_word' id='word_1_221' title='bbox 168 3005 321 3088; x_wconf 83' lang='grc' dir='ltr'><strong><em>ἀλλήλων</em></strong></span> <span class='ocrx_word' id='word_1_222' title='bbox 344 3004 398 3070; x_wconf 82' lang='grc' dir='ltr'><strong><em>καὶ</em></strong></span> <span class='ocrx_word' id='word_1_223' title='bbox 416 3008 495 3082; x_wconf 87' lang='grc' dir='ltr'><strong><em>τοὺς</em></strong></span> <span class='ocrx_word' id='word_1_224' title='bbox 513 3005 666 3089; x_wconf 80' lang='grc' dir='ltr'><strong><em>ἐπιβάτας</em></strong></span> <span class='ocrx_word' id='word_1_225' title='bbox 685 3004 839 3086; x_wconf 87' lang='grc' dir='ltr'><strong><em>ὁπλίσειε,</em></strong></span> <span class='ocrx_word' id='word_1_226' title='bbox 857 3005 894 3069; x_wconf 85' lang='grc' dir='ltr'><strong><em>τὸ</em></strong></span> <span class='ocrx_word' id='word_1_227' title='bbox 913 3003 1029 3068; x_wconf 90' lang='grc' dir='ltr'><strong><em>λοιπὸν</em></strong></span> <span class='ocrx_word' id='word_1_228' title='bbox 1046 3011 1106 3087; x_wconf 74' lang='grc' dir='ltr'><strong><em>τῆς</em></strong></span> 
     </span>
     <span class='ocr_line' id='line_1_28' title="bbox 95 3107 1105 3198; baseline -0.004 -20"><span class='ocrx_word' id='word_1_229' title='bbox 95 3111 220 3198; x_wconf 77' lang='grc' dir='ltr'><strong><em>ἡμέρης</em></strong></span> <span class='ocrx_word' id='word_1_230' title='bbox 242 3112 300 3188; x_wconf 81' lang='grc' dir='ltr'><strong><em>τὰς</em></strong></span> <span class='ocrx_word' id='word_1_231' title='bbox 322 3111 399 3188; x_wconf 89' lang='grc' dir='ltr'><strong><em>νέας</em></strong></span> <span class='ocrx_word' id='word_1_232' title='bbox 418 3113 527 3196; x_wconf 83' lang='grc' dir='ltr'><strong><em>ἔχεσκε</em></strong></span> <span class='ocrx_word' id='word_1_233' title='bbox 546 3107 596 3176; x_wconf 88' lang='grc' dir='ltr'><strong><em>ἐπ’</em></strong></span> <span class='ocrx_word' id='word_1_234' title='bbox 617 3110 797 3195; x_wconf 87' lang='grc' dir='ltr'><strong><em>ἀγκυρέων,</em></strong></span> <span class='ocrx_word' id='word_1_235' title='bbox 815 3107 951 3194; x_wconf 80' lang='grc' dir='ltr'><strong><em>παρεῖχέ</em></strong></span> <span class='ocrx_word' id='word_1_236' title='bbox 965 3131 1000 3174; x_wconf 91' lang='grc' dir='ltr'><strong><em>τε</em></strong></span> <span class='ocrx_word' id='word_1_237' title='bbox 1018 3119 1105 3174; x_wconf 84' lang='grc' dir='ltr'><strong><em>τοῖσι</em></strong></span> 
     </span>
     <span class='ocr_line' id='line_1_29' title="bbox 95 3214 1105 3302; baseline -0.001 -19"><span class='ocrx_word' id='word_1_238' title='bbox 95 3217 191 3283; x_wconf 80' lang='grc' dir='ltr'><strong><em>Ἴωσι</em></strong></span> <span class='ocrx_word' id='word_1_239' title='bbox 213 3219 320 3282; x_wconf 89' lang='grc' dir='ltr'><strong><em>πόνον</em></strong></span> <span class='ocrx_word' id='word_1_240' title='bbox 343 3215 387 3282; x_wconf 89' lang='grc' dir='ltr'><strong><em>δι’</em></strong></span> <span class='ocrx_word' id='word_1_241' title='bbox 412 3216 542 3300; x_wconf 78' lang='grc' dir='ltr'><strong><em>ἡμέρης.</em></strong></span> <span class='ocrx_word' id='word_1_242' title='bbox 579 3215 673 3302; x_wconf 89' lang='grc' dir='ltr'><strong><em>μέχρι</em></strong></span> <span class='ocrx_word' id='word_1_243' title='bbox 695 3214 756 3301; x_wconf 88' lang='grc' dir='ltr'><strong><em>μέν</em></strong></span> <span class='ocrx_word' id='word_1_244' title='bbox 777 3239 842 3280; x_wconf 90' lang='grc' dir='ltr'><strong><em>νυν</em></strong></span> <span class='ocrx_word' id='word_1_245' title='bbox 859 3214 1007 3300; x_wconf 78' lang='grc' dir='ltr'><strong><em>ἡμερέων</em></strong></span> <span class='ocrx_word' id='word_1_246' title='bbox 1025 3214 1105 3282; x_wconf 86' lang='grc' dir='ltr'><strong><em>έπτά</em></strong></span> 
     </span>
     <span class='ocr_line' id='line_1_30' title="bbox 96 3318 1105 3407; baseline -0.001 -18"><span class='ocrx_word' id='word_1_247' title='bbox 96 3322 273 3390; x_wconf 84' lang='grc' dir='ltr'><strong><em>ἐπείθοντό</em></strong></span> <span class='ocrx_word' id='word_1_248' title='bbox 300 3346 335 3388; x_wconf 90' lang='grc' dir='ltr'><strong><em>τε</em></strong></span> <span class='ocrx_word' id='word_1_249' title='bbox 361 3321 416 3388; x_wconf 79' lang='grc' dir='ltr'><strong><em>καί</em></strong></span> <span class='ocrx_word' id='word_1_250' title='bbox 443 3322 576 3388; x_wconf 88' lang='grc' dir='ltr'><strong><em>ἐποίευν</em></strong></span> <span class='ocrx_word' id='word_1_251' title='bbox 602 3325 639 3388; x_wconf 90' lang='grc' dir='ltr'><strong><em>τὸ</em></strong></span> <span class='ocrx_word' id='word_1_252' title='bbox 666 3323 897 3406; x_wconf 88' lang='grc' dir='ltr'><strong><em>κελευόμενον,</em></strong></span> <span class='ocrx_word' id='word_1_253' title='bbox 924 3330 963 3407; x_wconf 75' lang='grc' dir='ltr'><strong><em>τῇ</em></strong></span> <span class='ocrx_word' id='word_1_254' title='bbox 988 3318 1023 3388; x_wconf 75' lang='grc' dir='ltr'><strong><em>δὲ</em></strong></span> <span class='ocrx_word' id='word_1_255' title='bbox 1051 3322 1105 3389; x_wconf 81' lang='grc' dir='ltr'><strong><em>ἐπὶ</em></strong></span> 
     </span>
     <span class='ocr_line' id='line_1_31' title="bbox 96 3419 1104 3516; baseline 0 -22"><span class='ocrx_word' id='word_1_256' title='bbox 96 3432 236 3516; x_wconf 88' lang='grc' dir='ltr'><strong><em>ταύτῃσι</em></strong></span> <span class='ocrx_word' id='word_1_257' title='bbox 259 3429 295 3494; x_wconf 88' lang='grc' dir='ltr'><strong><em>οί</em></strong></span> <span class='ocrx_word' id='word_1_258' title='bbox 306 3426 430 3513; x_wconf 79' lang='grc' dir='ltr'><strong><em>Ἴωνες,</em></strong></span> <span class='ocrx_word' id='word_1_259' title='bbox 454 3419 508 3494; x_wconf 85' lang='grc' dir='ltr'><strong><em>οἷα</em></strong></span> <span class='ocrx_word' id='word_1_260' title='bbox 527 3427 669 3506; x_wconf 85' lang='grc' dir='ltr'><strong><em>ἀπαθέες</em></strong></span> <span class='ocrx_word' id='word_1_261' title='bbox 688 3427 796 3506; x_wconf 78' lang='grc' dir='ltr'><strong><em>ἐόντες</em></strong></span> <span class='ocrx_word' id='word_1_262' title='bbox 812 3429 926 3494; x_wconf 89' lang='grc' dir='ltr'><strong><em>πόνων</em></strong></span> <span class='ocrx_word' id='word_1_263' title='bbox 944 3429 1104 3494; x_wconf 89' lang='grc' dir='ltr'><strong><em>τοιούτων</em></strong></span> 
     </span>
    </p>
   </div>
   <div class='ocr_carea' id='block_1_4' title="bbox 0 0 1329 3960">
    <p class='ocr_par' dir='ltr' id='par_1_8' title="bbox 0 0 1329 3960">
     <span class='ocr_line' id='line_1_32' title="bbox 0 0 1329 3960; baseline 0 0"><span class='ocrx_word' id='word_1_264' title='bbox 0 0 1329 3960; x_wconf 95' lang='lat' dir='ltr'><strong><em> </em></strong></span> 
     </span>
    </p>
   </div>
  </div>
 </body>
</html>
