2678 3970
219 256 295 320 *164
642 253 828 309 HERODOTI

229 399 290 480 τὴν
317 396 457 482 ἀρχαίην
483 398 633 482 γνώμην,
667 397 728 462 οὐκ
755 397 819 464 έῶν
846 421 885 482 με
913 397 1149 480 στρατεύεσθαι
1178 393 1232 461 ἐπὶ

228 508 290 586 την
308 500 458 585 Ἑλλάδα,
481 502 502 586 ἢ
521 503 674 588 μετέστης
697 505 752 582 ώνς
784 502 864 589 φέρε
881 506 980 568 τοῦτό
999 526 1055 588 μοι
1072 501 1233 588 ἀτρεκέως

230 607 307 673 είπέ.
353 608 371 674 6
400 605 436 674 δὲ
463 607 613 693 ἀμείβετο
641 608 759 693 λέγων·
791 600 829 672 Ὠ
851 613 1002 693 βασιλεῦ,
1030 611 1105 687 ὄψις
1128 604 1231 692 μὲνὴ

230 711 424 797 ἐπιφανεῖσα
459 723 520 780 τοῦ
551 714 698 800 ὀνείρου,
736 716 780 791 ὡς
816 717 1008 799 βουλόμεθα
1040 714 1232 799 ἀμφότεροι,

228 823 443 903 τελευτήσειε·
480 820 543 903 ἐγὼ
581 818 611 885 θ’
644 823 690 886 ἔτι
722 819 778 886 καὶ
810 821 843 898 ἐς
873 823 949 886 τόδε
982 822 1142 904 δείματός
1165 821 1233 903 είμι

229 924 392 1002 ὑπόπλεος
424 924 496 991 οὐθ’
528 926 620 1002 ἐντὸς
647 927 829 1010 ἐμεωυτοῦ,
863 928 945 992 ἄλλα
971 949 1006 992 τε
1031 927 1137 991 πολλὰ
1165 925 1233 990 ἐπι-

229 1034 405 1116 λεγόμενος
426 1030 481 1096 καλ
505 1032 546 1114 δὴ
570 1029 624 1096 καὶ
647 1030 752 1117 ὀρέων
774 1055 826 1097 τοι
850 1034 911 1098 δύο
934 1034 974 1098 τὰ
996 1031 1132 1116 μέγιστα
1150 1031 1233 1096 ποίν-

176 1156 211 1206 48
229 1160 296 1200 των
320 1137 416 1202 ἐόντα
439 1138 672 1220 πολεμιώτατα.
713 1136 836 1222 Ξέρξης
859 1134 896 1202 66
913 1139 996 1222 πρὸς
1017 1147 1120 1202 ταῦτα
1143 1137 1233 1220 ἀμεί·
1327 1121 1328 1170 ³

229 1246 303 1326 βετο
335 1243 472 1308 τοισίθε·
504 1245 667 1326 Δαιμόνιε
700 1242 850 1328 ἀνδρῶν,
887 1255 961 1308 κοῖα
992 1253 1094 1308 ταῦτα
1126 1241 1234 1325 λέγεις

229 1343 314 1413 εἶναι
337 1349 398 1414 δύο
421 1371 477 1432 μοι
499 1349 738 1432 πολεμιώτατα;
779 1349 896 1434 κότεροί
922 1372 973 1413 τοι
996 1349 1014 1414 6
1037 1351 1131 1427 πεζὸς
1153 1372 1233 1432 μεμ-

228 1455 307 1530 πτὸς
333 1455 414 1519 κατὰ
440 1454 477 1519 τὸ
505 1457 633 1536 πλῆθός
660 1454 744 1536 ἐστι,
771 1453 826 1518 καὶ
852 1456 889 1519 τὸ
913 1451 1107 1538 Ἑλληνικὸν
1134 1455 1232 1539 στροί-

228 1583 330 1644 τευμα
357 1561 509 1642 φαίνεται
535 1562 782 1643 πολλαπλήσιον
810 1563 946 1625 ἔσεσθαι
971 1569 1032 1626 τοῦ
1058 1559 1232 1645 ἡμετέρου,

228 1665 249 1748 ἢ
271 1667 308 1731 τὸ
331 1665 489 1730 ναυτικὸν
511 1666 548 1730 τὸ
572 1665 731 1751 ἡμέτερον
753 1669 927 1744 λείψεσθαι
948 1675 1009 1731 τοῦ
1031 1667 1181 1748 ἐκείνων,
1210 1664 1232 1748 ἢ

228 1769 283 1836 καὶ
314 1773 548 1856 συναμφότερα
575 1781 691 1850 ταῦτα;
728 1773 760 1837 εί
784 1771 847 1856 γώρ
873 1794 926 1836 τοι
952 1771 1054 1856 ταώτη
1077 1774 1233 1855 φαίνεται

230 1876 419 1962 ἐνδεέστερα
450 1872 535 1942 εἶναι
566 1879 606 1942 τὰ
631 1876 771 1962 ἡμέτερα
802 1879 988 1962 πρήγματα,
1019 1886 1161 1962 στρατοῦ
1189 1875 1233 1941 ἂν
1326 1937 1328 1946 .

230 1985 333 2048 ίίλλου
354 2006 404 2060 τις
426 1983 487 2066 τὴν
509 1986 665 2067 ταχίστην
688 1984 824 2068 ἄγερσιν
846 1982 999 2048 ποιέοιτο.
1043 1981 1061 2048 6
1084 1976 1115 2046 6’
1141 1982 1233 2066 ἀμεί-

176 2106 210 2156 49
229 2093 304 2173 βετο
328 2089 446 2172 λέγων·
472 2079 511 2152 Ὠ
533 2093 684 2172 βασιλεῦ,
713 2089 789 2154 οὔτε
816 2089 956 2172 στρατὸν
978 2096 1112 2170 τοῦτον,
1141 2088 1233 2164 ὅστις

229 2218 266 2276 γε
289 2195 425 2259 σύνεσιν
448 2195 529 2278 ἔχει,
553 2191 706 2278 μέμφοιτ’
730 2191 774 2258 &v
798 2193 873 2259 οὔτε
895 2203 961 2258 τῶν
983 2203 1069 2258 νεῶν
1090 2195 1128 2259 τὸ
1151 2199 1232 2277 πλη-

229 2304 300 2372 θος.
345 2300 388 2380 ἥν
416 2321 451 2362 τε
480 2303 622 2374 πλεῦνας
650 2298 816 2383 συλλέξης,
844 2299 883 2362 τὰ
911 2299 972 2362 δύο
999 2321 1051 2362 τοι
1077 2299 1118 2364 τὰ
1145 2299 1232 2382 λέγω

229 2406 338 2488 πολλῷ
363 2405 410 2467 ἔτι
432 2404 654 2488 πολεμιώτερα
676 2407 811 2486 γίνεται.
846 2405 886 2468 τὰ
905 2399 941 2468 δὲ
960 2403 1022 2468 δύο
1040 2412 1143 2468 ταῦτα
1162 2403 1232 2470 ἐστὶ

229 2516 270 2591 γη
288 2530 323 2572 τε
340 2505 396 2572 καὶ
408 2508 570 2572 θοίλασσα.
607 2509 682 2573 οὔτε
701 2509 763 2594 γὰρ
782 2517 839 2592 τῆς
855 2508 1026 2592 θαλάσσης
1043 2511 1113 2573 ἐστι
1130 2511 1233 2594 λιμὴν

229 2621 386 2688 τοσοῦτος
409 2612 586 2697 οὐδαμόθι,
610 2613 654 2690 ώς
677 2613 739 2697 ἐγὼ
763 2615 887 2696 είκοίζω,
912 2614 1000 2689 ὅστις
1018 2612 1233 2698 ἐγειρομένου

229 2731 388 2805 χειμῶνος
411 2717 585 2802 ὃεξοίμενός
607 2736 667 2784 σευ
689 2728 786 2786 τοῦτο
809 2721 846 2784 τὸ
869 2719 1024 2784 ναυτικὸν
1046 2719 1234 2805 φερέγγυος

230 2829 320 2891 ἔσται
348 2826 508 2890 διασῶσαι
534 2825 592 2901 τὰς
614 2825 699 2902 νέας.
744 2829 850 2891 καίτοι
878 2822 952 2889 οὐκὶ
973 2822 1032 2888 ἕνα
1054 2823 1158 2890 αὐτὸν
1181 2828 1237 2892 θεῖ

230 2927 315 2997 εἶναι
349 2933 420 3013 [τὸν
451 2929 596 3015 λιμένα],
628 2931 710 2996 ἄλλα
741 2932 829 3015 παρὰ
860 2939 969 2995 πᾶσαν
999 2929 1060 3012 την
1092 2931 1235 3017 ἤπειρον
1324 2921 1328 2946 ⁴

230 3035 307 3123 παρ’
333 3037 376 3121 ἣν
399 3037 440 3120 θη
463 3039 616 3120 κομίζεαι.
661 3035 722 3102 οὐκ
745 3031 792 3101 ών
816 3037 856 3118 δὴ
876 3035 999 3100 ἐόντων
1015 3057 1067 3098 τοι
1085 3034 1234 3119 λιμένων

230 3144 424 3226 ὑποδεξίων,
447 3144 533 3226 μοίθε
557 3143 606 3207 ὅτι
629 3142 666 3206 αί
686 3139 853 3226 συμφοραὶ
875 3151 942 3204 τῶν
964 3139 1155 3223 ἀνθρώπων
1172 3144 1235 3226 69-

230 3265 325 3332 χουσι
354 3247 410 3313 καὶ
439 3247 513 3312 οὐκὶ
546 3249 723 3332 ὥνθρωποι
754 3258 820 3311 τών
852 3244 1058 3330 συμφορέων.
1103 3243 1160 3311 καὶ
1189 3250 1233 3332 δὴ

230 3364 296 3417 τῶν
320 3354 381 3418 δύο
403 3376 455 3418 τοι
476 3362 536 3418 τοῦ
564 3352 676 3438 ἑτέρου
698 3349 873 3436 είρημένον
898 3352 935 3415 τὸ
959 3349 1071 3433 ἕτερον
1093 3353 1234 3437 ἔρχομαι

232 3457 341 3546 ἐρέων.
386 3468 427 3542 γῆ
452 3459 492 3540 δὴ
520 3462 658 3542 πολεμίη
681 3456 761 3542 τῇδέ
780 3479 831 3520 τοι
853 3459 1050 3522 κατίσταται·
1084 3457 1115 3521 εί
1135 3457 1233 3525 θέλει
1327 3479 1328 3486 “
