2678 3970
418 281 485 336 Lm.
499 281 559 336 vll.
592 280 667 336 cAP.
690 289 843 338 ιιι-ιιι.
1074 283 1139 348 21Τ

136 421 201 510 γὰρ
220 419 285 510 εἶχε
302 425 471 511 θυγατέρα
486 423 689 508 Ἀναξίλεως,
707 435 747 511 τῇ
766 427 893 511 οῦνομα
911 423 954 511 ἦν
972 429 1140 512 Κυδίππη.

137 530 224 596 οὕτω
249 532 291 614 δὴ
314 529 375 597 οὐκ
397 522 470 597 οἷόν
492 555 527 597 τε
549 534 731 617 γενόμενον
752 532 910 616 βοηθέειν
928 535 987 598 τὸν
1005 537 1141 600 Γέλωνα

136 647 223 702 τοῖσι
254 635 391 721 Ἕλλησι
424 636 628 722 ἀποπέμπειν
660 637 693 714 ἐς
722 639 880 722 Δελφοὺς
914 640 954 702 τὰ
984 642 1140 724 χρήματα.

136 745 220 829 πρὸς
238 741 275 809 δὲ
288 742 343 810 καὶ
356 744 434 809 τάδε
447 741 592 827 λέγουσι,
611 743 656 820 ὡς
674 743 797 828 συνέβη
816 752 874 828 της
892 743 993 827 αὐτῆς
1010 744 1132 829 ἡμέρης
1143 764 1194 813 166

137 853 175 915 ἔν
191 873 227 916 τε
249 858 288 934 τῇ
311 853 447 936 Σικελίῃ
466 848 602 916 Γέλωνα
624 847 679 914 καί
702 851 844 935 Θήρωνα
867 859 968 915 νικᾶν
987 844 1143 934 Ἀμίλκαν

136 957 198 1021 τὸν
219 957 452 1042 Καρχηδόνιον
474 953 528 1020 καὶ
551 955 588 1022 έν
610 959 777 1040 Σαλαμῖνι
798 958 877 1033 τοὺς
896 954 1061 1039 Ἕλληνας
1082 958 1142 1021 τὸν

138 1061 284 1147 Πέρσην.
329 1063 388 1128 τὸν
416 1059 453 1126 δὲ
477 1058 647 1146 Ἀμίλκαν,
675 1051 911 1148 Καρχηδόνιον
938 1061 1034 1127 έόντα
1060 1064 1144 1149 πρὸς

136 1171 273 1254 πατρός,
306 1170 475 1254 μητρόθεν
507 1165 545 1233 δέ
571 1171 799 1252 Συρηκόσιον,
833 1169 1077 1252 βασιλεύσαντί
1107 1192 1142 1232 τε

136 1272 207 1340 κατ’
243 1275 476 1359 ἀνδραγαθίην
502 1274 761 1358 Καρχηδονίων,
798 1273 844 1349 ὡς
874 1273 894 1357 ἡ
927 1276 1077 1359 συμβολή
1108 1297 1143 1340 τε

137 1379 264 1466 ἐγίνετο
287 1378 342 1444 καὶ
365 1379 409 1456 ὡς
429 1377 567 1444 ἑσσοῦτο
584 1387 624 1463 τῇ
643 1378 739 1464 μάχη,
763 1378 995 1462 ἀφανισθῆναι
1013 1365 1144 1444 πυνθά-

136 1506 251 1571 νομαι·
270 1485 346 1551 οὔτε
363 1487 427 1570 γδρ
442 1488 546 1563 ζῶντα
560 1484 636 1549 οὔτε
650 1484 865 1550 ἀποθανόντα
879 1495 1029 1569 φανῆναι
1043 1486 1144 1550 οῦδα-

137 1601 204 1678 μοῦ
230 1597 302 1676 γῆς·
335 1593 373 1657 τὸ
399 1599 465 1656 πᾶν
492 1592 555 1676 γὰρ
583 1589 771 1668 ἐπεξελθεῖν
799 1592 975 1676 διζήμενον
998 1590 1142 1656 Γέλωνα.

138 1703 208 1766 ἔστι
231 1695 268 1764 δὲ
286 1695 342 1763 ὑπ’
364 1697 475 1762 αὐτῶν
492 1697 735 1781 Καρχηδονίων
753 1697 811 1762 ὅδε
829 1699 928 1780 λόγος
946 1700 1134 1781 λεγόμενος,
1146 1697 1194 1766 16λ

137 1807 243 1872 οἰκότι
270 1801 481 1891 χρεωμένων,
508 1802 553 1877 ὡς
576 1802 611 1865 οἱ
631 1799 692 1886 μὲν
715 1801 878 1888 βάρβαροι
901 1813 988 1866 τοῖσι
1007 1800 1141 1886 Ἕλλησι

139 1911 192 1993 [έν
221 1918 260 1995 τῇ
288 1911 438 1994 Σικελίη]
471 1906 630 1992 έμάχοντο
664 1905 697 1984 ἐξ
729 1907 811 1990 ἠοῦς
842 1906 1020 1992 ἀρξάμενοι
1050 1907 1144 1994 μέχρι

139 2019 250 2099 δείλης
279 2016 376 2100 ὀψίης
403 2011 471 2099 (ἐπὶ
502 2021 640 2078 τοσοῦτο
671 2013 735 2097 γὰρ
763 2011 891 2096 λέγεται
919 2011 1056 2078 ἑλκύσαι
1083 2016 1144 2099 τὴν

137 2121 331 2209 σύστασιν),
360 2121 378 2186 ὁ
403 2118 440 2185 δὲ
463 2116 615 2204 Ἀμίλκας
636 2117 673 2183 ἐν
695 2118 802 2205 τούτῳ
830 2125 875 2206 τῷ
898 2121 1009 2207 χρόνῳ
1033 2118 1145 2204 μένων
1169 2111 1173 2118 ’

138 2230 177 2296 ἐν
195 2237 240 2317 τῷ
259 2225 468 2314 στρατοπέδῳ
488 2225 621 2310 [ἐθύετο
638 2221 707 2304 καὶ]
728 2223 948 2311 ἐκαλλιερέετο
968 2223 1020 2290 έπλ
1037 2235 1146 2311 πυρῆς
1237 2221 1240 2226 ’

139 2335 282 2422 μεγάλης
304 2333 438 2417 σώματα
461 2332 521 2398 ὅλα
542 2333 739 2420 καταγίζων,
767 2331 850 2396 ἰδὼν
873 2328 910 2397 δέ
927 2333 1055 2418 τροπὴν
1076 2343 1146 2398 τῶν

140 2440 267 2507 ἑωυτοῦ
288 2437 483 2522 γινομένην,
508 2437 554 2514 ὡς
576 2440 669 2522 έτυχε
691 2436 898 2503 ἐπισπένδων
920 2449 1007 2504 τοῖσι
1031 2439 1146 2525 ίροῑσι,

139 2544 206 2614 ὦσε
233 2544 357 2611 ἑωυτὸν
385 2545 418 2621 ές
444 2545 481 2610 τδ
504 2553 582 2630 πῦρ·
611 2543 698 2610 οὕτω
722 2544 764 2627 δὴ
787 2544 1037 2620 κατακαυθέντα
1060 2544 1145 2628 ἀφα-

139 2659 308 2736 νισθῆναι.
345 2651 567 2736 ἀφανισθέντι
585 2647 623 2716 δὲ
638 2644 772 2737 Ἀμίλκᾳ
791 2653 901 2738 τρόπω
921 2657 985 2716 εἴτε
1003 2652 1146 2738 τοιούτῳ

139 2761 185 2837 ὡς
219 2762 372 2834 Φοίνικες
402 2757 553 2842 λέγουσι,
583 2762 648 2822 εἴτε
680 2754 794 2843 ἑτέρῳ,
828 2756 886 2838 [ὡς
917 2756 1145 2840 Καρχηδόνιοι

138 2864 195 2931 καὶ
213 2867 443 2951 Συρηκόσιοι],
467 2858 645 2947 τοῦτομὲν
668 2863 703 2926 οί
722 2861 859 2942 θύουσι,
882 2868 979 2924 τοῦτο
1004 2856 1041 2923 δὲ
1064 2863 1144 2942 μνη-

9 2957 18 3049 ἒ,
139 2995 225 3057 ματα
257 2971 415 3054 ἐποίησαν
447 2967 484 3034 έν
515 2968 639 3053 ποίσησι
670 2976 744 3051 τῇσι
775 2967 888 3030 πόλισι
919 2973 986 3027 τῶν
1019 2963 1145 3028 ἀποικί-

141 3081 225 3162 δων,
253 3077 290 3144 ἐν
320 3078 402 3162 αὐτῇ
429 3099 464 3141 τε
491 3075 646 3159 μέγιστον
673 3073 876 3158 Καρχηδόνι.
925 3070 965 3132 τδι
992 3065 1053 3152 μὲν
1080 3068 1145 3134 ἀπὸ

13 3162 17 3249 2
140 3187 294 3269 Σικελίης
316 3191 468 3249 τοσαῦτα.

228 3295 429 3376 Κερκυραῖοι
461 3283 499 3352 δὲ
528 3285 606 3350 τόδε
636 3283 894 3368 ὑποκρινάμενοι
928 3290 1014 3344 τοῖσι
1042 3279 1200 3364 ἀγγέ-168

10 3381 11 3396 ¹
140 3401 228 3462 λοισι
250 3396 361 3462 τοιοίδε
384 3393 556 3476 ἐποίησαν·
574 3387 629 3455 καλ
651 3391 714 3474 γὰρ
732 3389 872 3464 τούτους
890 3386 1145 3472 παρελάμβανον

141 3502 177 3567 οί
201 3497 296 3566 αὐτοὶ
323 3500 439 3582 οἵπερ
462 3498 496 3575 ές
517 3498 676 3579 Σικελίην
705 3494 859 3576 ἀπίκατο,
888 3491 1041 3575 λέγοντες
1066 3496 1146 3569 τοὺς
