2632 3970
418 251 484 309 ΜΒ.
499 252 544 332 IX.
581 253 658 312 OAP.
677 241 797 312 ιιι-ιο.
1042 254 1106 320 349

105 398 162 474 τὰς
194 396 330 482 ἀρχαίας
360 395 464 480 τάξις,
495 396 623 482 πέμψας
655 397 673 464 ὁ
700 400 894 483 Μαρδόνιος
919 401 1047 486 κήρυκα
1074 398 1108 477 ἐς

105 505 184 578 τοὺς
206 504 414 588 Σπαρτιήτας
437 505 527 587 ἔλεγε
548 503 640 568 τύδε·
663 495 702 568 Ὦ
724 506 992 589 Λακεδαιμόνιοι,
1014 506 1107 590 ὑμεῖς

106 610 148 692 δή
172 606 310 692 λέγεσθε
328 603 413 674 εἶναι
431 609 551 693 ἀνδρες
568 609 696 694 ἄριστοι
714 609 778 675 ὑπὸ
796 620 863 676 τῶν
880 611 957 694 τῇδε
976 611 1107 696 ἀνθρώ-

104 735 188 797 πων,
212 713 481 799 ἐκπαγλεομένων
500 714 544 791 ὡς
563 714 639 780 ούτε
657 715 796 799 φεύγετε
814 714 850 780 ἐκ
867 715 1012 799 πολέμου
1031 717 1106 784 ούτε

105 818 198 898 τάξιν
216 818 387 903 ἐκλείπετε,
407 817 562 904 μένοντές
575 841 610 885 τε
627 818 648 904 ή
667 819 828 886 ἀπόλλυτε
845 822 923 897 τοὺς
937 820 1107 900 ἐναντίους

6 941 8 953 ¹
105 925 125 1009 ή
154 922 250 990 αὐτοὶ
281 925 481 990 ἀπόλλυσθε.
526 934 593 990 τῶν
626 921 657 989 δ’
692 920 744 1010 ἀρ’
774 920 817 1008 ήν
845 921 946 992 οὐδὲν
973 924 1106 1009 ἀληθές·

104 1028 184 1115 πρὶν
206 1031 270 1115 γδιρ
293 1029 313 1114 ή
337 1028 493 1114 συμμῖξαι
515 1029 617 1113 ήμέας
635 1029 668 1106 ἐς
685 1041 805 1116 χειρῶν
822 1053 859 1095 τε
875 1033 981 1114 νόμον
999 1029 1108 1096 ἀπικέ-

105 1143 203 1218 σθαι,
229 1133 284 1200 καὶ
312 1135 353 1218 δή
376 1136 563 1220 φεύγοντας
585 1133 640 1200 καὶ
662 1135 754 1214 τάξιν
777 1135 986 1214 ἐκλείποντας
1007 1135 1108 1221 ὑμέας

106 1243 251 1326 είδομεν,
275 1239 312 1306 ἐν
331 1237 542 1323 Ἀθηναίοισί
556 1264 591 1306 τε
613 1242 674 1324 τήν
691 1243 874 1336 πρόπειραν
891 1241 1109 1326 ποιευμένους

105 1347 226 1424 αὐτούς
254 1369 289 1411 τε
317 1345 412 1412 ἀντία
440 1347 571 1412 δούλων
597 1357 665 1413 τῶν
687 1346 854 1434 ήμετέρων
876 1346 1108 1432 τασσομένους.

104 1461 208 1518 ταῦτα
236 1451 388 1535 οὐδαμῶς
411 1451 544 1537 ἀνδρῶν
567 1451 705 1536 ἀγαθῶν
728 1455 823 1539 ἔργα,
851 1451 934 1518 ἀλλὰ
954 1458 1108 1518 πλεῖστον

106 1560 147 1642 δή
167 1557 203 1624 ἐν
221 1557 301 1642 ὑμῖν
315 1557 539 1642 ἐψεύσθημεν·
558 1561 817 1644 προσδεκόμενοι
834 1559 897 1644 γὰρ
915 1560 997 1624 κατδι
1014 1557 1108 1635 κλέος

105 1665 151 1740 ὡς
183 1664 223 1747 δή
255 1663 396 1748 πέμψετε
424 1663 457 1740 ἐς
482 1662 584 1748 ήμέοις
610 1667 738 1750 κήρυκα
764 1665 1026 1750 προκαλεύμενοι
1052 1661 1107 1728 καί

105 1772 305 1853 βουλόμενοι
327 1769 482 1853 μούνοισι
500 1767 650 1854 Πέρσῃσι
672 1770 846 1854 μάχεσθαι,
870 1769 977 1854 ἀρτιοι
1000 1767 1109 1846 ἐόντες

6 1941 12 1970 ‚
106 1875 230 1942 ποιέειν
259 1882 361 1940 ταῦτα
388 1870 489 1939 οὐδὲν
511 1882 642 1940 τοιοῦτο
665 1873 822 1958 λέγοντας
843 1873 945 1958 ὑμέας
967 1873 1108 1960 εύρομεν

106 1982 189 2046 ἀλλδι
215 1981 426 2056 πτώσσοντας
453 1984 587 2064 μᾶλλον.
633 1987 697 2045 νύν
725 1975 772 2044 ὧν
796 1978 908 2062 ἐπειδή
932 1977 993 2044 οὐκ
1016 1978 1109 2062 ὑμεῖς

105 2085 223 2171 ἤρξατε
245 2085 365 2150 τούτου
388 2085 585 2168 τοῦλόγου,
608 2079 679 2149 ἀλλ’
704 2083 797 2167 ἡμείς
820 2084 973 2169 ἄρχομεν.
1013 2086 1048 2148 τί
1067 2085 1108 2168 δή

107 2191 148 2257 ού
180 2192 243 2275 πρὸ
276 2186 336 2274 μὲν
365 2187 623 2272 τῶνἙλλήνων
651 2189 758 2273 ὑμεῖς,
789 2187 893 2254 ἐπείτε
921 2186 1109 2267 δεδόξωσθε

107 2290 192 2362 εἶναι
216 2297 359 2379 ἀριστοι,
386 2295 451 2381 πρὸ
475 2291 512 2360 δέ
534 2305 601 2359 τῶν
623 2293 801 2379 βαρβάρων
823 2292 916 2377 ήμείς
939 2299 1006 2360 ἶσοι
1027 2297 1109 2379 πρὸς

107 2408 200 2478 ίσους
232 2401 376 2486 ἀριθμὸν
409 2398 651 2484 ἐμαχεσάμεθα;
688 2397 744 2464 καὶ
769 2398 813 2484 ήν
840 2395 901 2484 μὲν
929 2399 1026 2486 δοκέή
1053 2399 1108 2466 καὶ

6 2489 8 2494 ’
105 2508 185 2583 τοὺς
208 2507 328 2581 ἀλλους
350 2504 528 2589 μάχεσθαι,
554 2504 589 2569 οί
610 2498 642 2569 δ’
668 2499 716 2570 ὦν
739 2502 908 2588 μετέπειτα
931 2503 1108 2590 μαχέσθων

106 2613 252 2698 ὕστεροι·
276 2612 307 2676 εί
328 2606 366 2675 δὲ
387 2608 443 2674 καὶ
461 2611 505 2694 μή
524 2609 635 2676 δοκέοι
653 2607 724 2675 ἀλλ’
745 2608 847 2694 ήμέας
865 2611 1011 2694 μούνους
1029 2611 1108 2676 ἀπο-

107 2728 201 2804 χρᾶν,
223 2717 316 2802 ήμελς
339 2713 375 2780 δέ
399 2717 685 2800 διαμαχεσώμεθα·
708 2715 857 2799 ὁκότεροι
880 2711 911 2778 δ’
938 2713 980 2779 δν
998 2714 1109 2799 ἡμέων

106 2828 277 2910 νικήσωσι,
295 2822 434 2898 τούτους
451 2829 496 2908 τῷ
516 2822 634 2886 ἅπαντι
653 2818 861 2906 στρατοπέδω
875 2827 980 2884 νικᾶν.
1011 2819 1029 2885 ό
1048 2817 1108 2904 μὲν
1128 2839 1160 2888 49

6 2945 13 2968 ·
106 2940 209 2996 ταῦτα
228 2935 319 3005 είπας
337 2950 372 2992 τε
389 2924 444 2991 καὶ
463 2926 605 3010 ἐπισχὼν
623 2928 757 3011 χρόνον,
776 2924 820 3001 ὥς
834 2925 869 2990 οί
885 2922 995 3000 οὐδεὶς
1009 2921 1109 2990 οὐδὲν

107 3037 311 3122 ὑπεκρίνετο,
334 3031 557 3098 ἀπαλλάσσετο
581 3031 696 3114 ὀπίσω,
720 3030 875 3096 ἀπελθὼν
897 3025 934 3094 δὲ
952 3029 1109 3114 ἐσήμαινε

107 3145 291 3230 Μαρδονίῳ
314 3141 355 3206 τὰ
372 3140 606 3221 καταλαβόντα.
645 3137 663 3203 ό
683 3133 719 3202 δέ
736 3136 913 3222 περιχαρής
929 3137 1109 3220 γενόμενος

107 3247 163 3313 καὶ
191 3244 363 3333 ἐπαερθεὶς
389 3233 499 3329 ψυχρή
525 3245 601 3328 νίκῃ
629 3242 726 3325 ἐπῆκε
748 3241 809 3325 τήν
832 3241 933 3306 ἵππον
955 3238 1008 3306 ἐπὶ
1030 3243 1109 3319 τοὺς

110 3353 278 3437 Ἕλληνας.
315 3352 360 3428 ὡς
378 3347 415 3416 δέ
434 3350 603 3434 ἐπήλασαν
617 3348 652 3412 ολ
667 3348 810 3430 ίππόται,
829 3346 980 3412 ἐσίνοντο
998 3354 1108 3411 πᾶσαν

107 3460 169 3544 τήν
201 3458 356 3542 στρατιήν
386 3458 447 3539 τήν
474 3452 669 3538 Ἑλληνικήν
701 3450 962 3532 ἐσακοντίζοντές
987 3474 1023 3517 τε
1053 3449 1109 3517 καὶ
