2640 3960
371 260 454 341 m.
469 261 516 317 vs.
549 260 626 316 οΑΡ.
647 267 801 318 ιιι-τοι.
1043 264 1107 328 129

1 433 4 440 ·
106 407 187 491 μετά
210 401 247 471 δὲ
270 405 412 489 ἐπισχὼν
435 405 453 470 ό
472 402 695 488 Ἱπποκλείδης
716 409 839 492 χρόνον
863 404 1013 474 ἐκέλευσέ
1031 431 1109 473 τινα

105 511 268 597 τράπεζαν
288 511 456 593 ἐσενεῖκαι,
476 510 677 594 ἐσελθούσης
696 508 732 576 δὲ
750 521 807 596 τῆς
819 512 976 596 τραπέζης
993 524 1108 599 πρῶτα

105 613 167 700 μὲν
191 611 241 682 ἐπ’
267 615 367 700 αὐτῆς
390 616 559 701 ὠρχήσατο
577 617 755 683 Λακωνικά
777 619 947 702 σχημάτια,
970 619 1050 703 μετὰ
1069 615 1106 683 δὲ

6 796 8 800 ,
106 723 190 786 άλλα
213 720 354 805 Ἀττικά,
381 724 419 788 τὸ
447 725 560 808 τρίτον
587 718 624 787 δέ
649 723 711 806 τήν
732 725 881 807 κεφαλήν
903 723 1030 809 ἐρείσας
1053 721 1106 789 ἐπὶ

105 828 167 910 τήν
190 828 351 913 τράπεζαν
373 839 460 893 τοῖσι
480 825 607 894 σκέλεσι
625 827 865 914 ἐχειρονόμησε.
899 829 1108 913 Κλεισθένης

107 929 144 997 δὲ
171 933 213 997 τά
243 929 303 1017 μὲν
332 943 444 1018 πρῶτα
475 931 529 999 καὶ
557 933 598 1000 τά
630 934 766 1018 δεύτερα
800 933 999 1019 ὀρχεομένου
1026 933 1106 1000 ἀπο-

105 1036 254 1122 στυγέων
276 1041 425 1124 γαμβρόν
445 1039 480 1104 οί
495 1041 542 1104 ἔτι
560 1037 716 1123 γενέσθαι
730 1036 952 1105 Ἱπποκλείδεα
972 1040 1026 1104 διά
1043 1041 1106 1122 τήν

105 1166 140 1208 τε
177 1145 316 1229 όρχησιν
347 1141 401 1208 καλ
432 1145 493 1228 τήν
525 1144 697 1228 ἀναιδείην
734 1157 860 1230 κατεῖχε
892 1144 1030 1228 ἑωυτόν,
1063 1143 1105 1209 ού

4 1239 8 1246 ’
104 1251 308 1334 βουλόμενος
330 1249 507 1335 ἐκραγῆναι
529 1249 563 1326 ἐς
585 1248 698 1316 αὐτόν·
722 1251 767 1327 ὡς
790 1245 827 1316 δέ
845 1245 912 1316 εἶδε
929 1262 1015 1316 τοῖσι
1033 1258 1106 1314 σκέ-

104 1360 176 1420 λεσι
197 1357 489 1441 χειρονομήσαντα,
514 1354 623 1420 οὐκέτι
644 1357 792 1440 κατέχειν
815 1357 999 1441 δυνάμενος
1021 1350 1105 1422 εἷπε·

99 1450 138 1524 Ὠ
159 1470 222 1527 παῑ
246 1461 448 1544 Τισάνδρου,
475 1459 673 1545 ἀπορχήσαό
696 1485 733 1545 γε
760 1458 821 1546 μὲν
842 1462 902 1526 τὸν
923 1461 1039 1545 γάμον.
1084 1459 1104 1525 ὑ

104 1564 141 1632 δὲ
168 1563 396 1649 Ἱπποκλείδης
426 1565 603 1649 ὑπολαβὼν
634 1561 717 1632 εἷπε·
749 1567 800 1632 Οὐ
832 1564 969 1652 φροντὶς
994 1563 1104 1632 Ἱππο-

104 1675 226 1758 κλείδη.
276 1671 339 1736 ἀπὸ
374 1671 495 1738 τούτου
531 1666 591 1754 μὲν
622 1681 720 1736 τούτο
757 1671 962 1755 ὀνομάζεται·
997 1674 1094 1737 Κλει-
1104 1691 1159 1740 13⁰

103 1778 229 1862 σθέυης
261 1773 298 1842 δὲ
329 1777 426 1861 σιγήν
457 1776 676 1862 ποιησάμενος
707 1775 793 1855 ἔλεξε
821 1777 854 1853 ἐς
880 1775 981 1862 μέσον
1009 1776 1104 1840 τάδε·

0 1943 5 1952 ,
102 1881 243 1969 ’Ἀυδρες
270 1883 387 1960 παιδὸς
412 1891 469 1966 τῆς
492 1881 569 1966 ἐμῆς
592 1891 787 1967 μνηστῆρες,
818 1882 880 1966 ἐγὼ
903 1880 958 1947 καὶ
978 1881 1104 1957 πάντας

103 1988 205 2074 ὑμέας
232 1987 371 2054 ἐπαινέω
398 1985 452 2052 καὶ
478 1995 558 2052 πᾶσι
584 1987 678 2072 ὑμῖν,
707 1989 738 2052 εί
758 1979 831 2053 οἷόν
856 2011 891 2052 τε
918 1993 984 2071 είη,
1010 2011 1103 2072 χαρι-
1189 1995 1191 2004 “

105 2098 221 2180 ζοίμηυ
243 2095 296 2177 ἀν,
319 2090 391 2179 μήτ’
418 2092 477 2158 ἕνα
499 2091 610 2178 ὑμέων
633 2092 798 2178 ἐξαίρετον
816 2093 1004 2179 ἀποκρίνων
1022 2094 1103 2177 μήτε

101 2203 180 2278 τοὺς
215 2203 352 2276 λοιποὺς
387 2199 653 2283 ἀποδοκιμάζων·
693 2192 764 2264 ἀλλ’
802 2199 844 2265 οὐ
878 2199 941 2283 γάρ
977 2189 1031 2264 οἷά
1064 2194 1105 2263 τέ

102 2306 172 2372 ἐστι
198 2315 274 2391 μιῆς
294 2305 370 2391 πέρι
391 2303 563 2390 παρθένου
585 2305 788 2388 βουλεύοντα
814 2313 894 2370 πάσι
916 2304 996 2370 κατά
1017 2306 1101 2370 νόου

102 2410 244 2493 ποιέειν,
270 2419 357 2474 τοῖσι
383 2404 444 2493 μὲν
470 2407 581 2492 ὑμέων
602 2407 898 2493 ἀπελαυνομένοισι
918 2411 1018 2476 τοῦδε
1038 2419 1100 2476 τοῦ

100 2515 210 2600 γάμου
231 2515 394 2580 τάλαντον
416 2513 576 2600 ἀργυρίου
599 2513 721 2602 ἑκάστῳ
750 2515 878 2600 δωρεήν
901 2515 1022 2600 δίδωμι
1042 2525 1102 2600 τῆς

100 2620 253 2700 ἀξιώσιος
281 2619 389 2686 εἵνεκα
414 2629 472 2704 τῆς
498 2617 531 2697 ἐξ
558 2617 635 2704 ἐμεῦ
657 2629 757 2704 γῆμαι
780 2616 835 2684 καὶ
861 2630 918 2704 τῆς
944 2620 977 2700 ἐξ
1005 2627 1101 2687 οίκου

100 2726 300 2810 ἀποδημίης,
327 2732 372 2813 τῷ
396 2720 433 2789 δὲ
451 2722 652 2808 Ἀλκμέωνος
673 2723 844 2807 Μεγακλέι·
869 2724 974 2808 ἐγγυῶ
997 2726 1101 2790 παῖδα

99 2834 161 2916 τήν
193 2832 275 2917 ἐμήν
299 2826 495 2916 Ἀγαρίστην
521 2831 654 2914 νόμοισι
683 2841 771 2895 τοῖσι
794 2826 990 2913 Ἀθηναίων.
1036 2854 1101 2914 φα-

99 2936 204 3022 μένου
237 2932 275 3002 δλ
306 2936 490 3021 ἐγγυᾶσθαι
516 2934 709 3019 Μεγακλέος
740 2935 919 3020 ἐκεκύρωτο
949 2934 967 3000 ὁ
995 2934 1100 3019 γάμος

98 3039 305 3108 Κλεισθένει.
341 3039 425 3126 ἀμφὶ
447 3036 508 3128 μὲν
529 3045 619 3127 κρίσι
639 3052 706 3106 τῶν
728 3041 924 3125 μνηστήρων
945 3047 1090 3106 τοσαῦτα
1100 3059 1152 3108 ιει

99 3147 246 3232 ἐγένετο,
268 3144 323 3213 καὶ
351 3147 437 3212 ούτω
460 3143 695 3230 Ἀλκμεωνίδαι
722 3145 920 3229 ἐβώσθησαν
947 3144 1010 3209 ἀνά
1035 3145 1098 3230 τήν

94 3249 246 3320 Ἑλλάδα.
289 3254 417 3319 τούτων
440 3248 478 3317 δὲ
500 3251 769 3334 συνοικησάντων
790 3253 916 3335 γίνεται
937 3249 1098 3316 Κλεισθέ-

97 3381 159 3442 νης
181 3383 217 3425 τε
239 3358 257 3425 ὁ
279 3361 338 3437 τάς
360 3360 468 3444 φυλάς
488 3355 544 3424 καὶ
564 3356 625 3440 τήν
649 3357 871 3444 δημοκρατίην
890 3353 1097 3442 Ἀθηναίοισι

97 3467 317 3550 καταστήσας,
346 3468 429 3550 ἔχων
456 3465 493 3530 τὸ
519 3462 646 3547 ούνομα
673 3462 736 3528 ἀπὸ
763 3470 823 3528 τοῦ
850 3464 1099 3549 μητροπάτορος

150 3579 243 3620 Hauon.
255 3577 288 3618 u
869 3573 885 3618 9
