2678 3968
216 247 279 312 308
626 245 813 302 HERODOTI

215 392 375 476 πρότερόν
403 413 459 474 μοι
487 395 629 474 είρηται,
657 389 725 478 όδρῖ
753 391 937 475 χρεώμενος
963 391 1029 475 ἅμα
1055 398 1101 479 τῷ
1129 391 1218 478 άλλη)

166 511 216 560 ικο
225 504 350 583 στρατῷ
375 495 576 580 ἀπενόστησε
599 495 632 573 ἐς
654 497 715 578 τὴν
735 490 857 579 Ἀσίην.
901 495 983 580 μέγα
1007 492 1043 561 δὲ
1064 495 1119 561 καὶ
1141 498 1218 564 τόδε

215 602 411 686 μαρτύριον·
439 605 591 684 φαίνεται
618 602 681 685 γάρ
705 599 828 685 Ξέρξης
851 600 887 666 ἐν
909 609 949 685 τῇ
973 601 1075 666 ὀπίσω
1098 603 1217 686 κομιδῇ

216 706 411 790 ἀπικόμενος
433 707 466 783 ἐς
479 705 629 792 Ἄβδηρα
651 703 706 771 καὶ
729 704 854 789 ξεινίην
876 705 914 771 τέ
930 722 990 789 σφι
1013 705 1219 791 συνθέμενος

215 809 269 878 καὶ
293 813 526 897 δωρησάμενος
548 812 670 888 αὐτοὺς
693 810 830 897 άκινάκη
849 835 884 877 τε
902 809 1030 899 χρυσέῳ
1049 810 1104 877 καὶ
1121 816 1216 898 τιηρη

215 919 439 1006 χρυσοπάστῳ.
471 915 526 982 καὶ
539 918 583 994 ώς
598 914 692 983 αὐτοὶ
706 916 841 1000 λέγουσι
851 915 1049 1001 Ἀβδηρῖται,
1068 916 1218 1002 λέγοντες

217 1025 326 1107 ἔμοιγε
358 1023 512 1107 οὐδαμῶς
543 1023 655 1105 πιστά,
687 1033 819 1108 πρώτον
852 1022 990 1088 ἐλύσατο
1019 1024 1080 1106 τὴν
1112 1025 1217 1107 ζώνην

216 1129 351 1212 φεύγων
374 1127 406 1206 ἐξ
427 1125 595 1212 Ἀθηνέων
618 1128 737 1210 ὀπίσω,
761 1128 805 1204 ὡς
828 1127 864 1193 ἐν
887 1127 980 1213 ἀδείη
1004 1128 1077 1194 ἐών.
1118 1130 1158 1194 τά
1181 1127 1217 1194 δὲ

216 1233 366 1319 ’Ἀβδηρα
388 1235 519 1319 ἵδρυται
536 1235 618 1319 πρὸς
634 1243 696 1298 τοῦ
709 1230 953 1316 Ἑλλησπόντου
972 1239 1098 1317 μᾶλλον
1116 1235 1137 1318 ἢ
1155 1243 1218 1300 τοῦ

217 1343 411 1423 Στρυμόνος
438 1338 493 1404 καὶ
519 1349 577 1424 τῆς
600 1336 745 1422 Ἠιόνος,
774 1339 857 1404 ὅθεν
884 1340 926 1423 δή
953 1342 1011 1424 μίν
1039 1357 1121 1424 φασι
1148 1339 1217 1405 ἐπι-

218 1449 316 1530 βῆναι
339 1443 391 1511 ἐπὶ
413 1447 473 1529 τὴν
495 1443 564 1511 νέα.

168 1568 215 1616 121
307 1552 351 1616 Οί
367 1548 403 1616 δέ
418 1549 574 1633 Ἕλληνες
592 1549 696 1616 ἐπείτε
715 1550 776 1616 οὐκ
795 1542 908 1617 οἷοίτε
927 1550 1077 1635 ἐγίνοντο
1096 1549 1217 1628 ἐξελεῖν
1318 1549 1319 1566 ’

217 1660 278 1743 τὴν
292 1657 447 1740 Ἄνδρον,
470 1659 670 1742 τραπόμενοι
694 1656 727 1733 ἐς
744 1657 922 1741 Κάρυστον
944 1654 999 1722 καὶ
1020 1657 1218 1740 δηιώσαντες

219 1765 328 1830 αὐτῶν
349 1764 411 1846 τὴν
433 1763 544 1847 χώρην
567 1761 817 1827 ἀπαλλάσσοντο
835 1761 868 1838 ἐς
886 1766 1069 1846 Σαλαμῖνα.
1104 1773 1217 1848 πρῶτα

219 1869 279 1956 μέν
301 1893 365 1936 νυν
394 1879 479 1933 τοῖσι
506 1873 617 1932 θεοῖσι
644 1866 768 1945 ἐξεῖλον
796 1865 973 1952 ἀκροθίνια
1000 1869 1082 1933 άλλα
1103 1890 1138 1932 τε
1162 1866 1218 1932 καὶ
1316 1809 1319 1916 δ

217 1979 369 2063 τριήρεας
382 1985 468 2060 τρεῖς
484 1976 673 2055 Φοινίσσας,
687 1974 748 2057 την
762 1969 823 2056 μέν
837 1973 870 2049 ἐς
880 1970 1016 2058 Ἰσθμὸν
1032 1973 1217 2056 ἀναθεῖναι,

219 2085 239 2167 ἥ
261 2103 322 2167 περ
345 2083 392 2146 ἔτι
414 2077 468 2145 καὶ
492 2078 524 2155 ἐς
547 2075 603 2162 ἐμὲ
625 2074 677 2161 ἦν,
701 2079 761 2161 τὴν
785 2074 822 2143 δέ
845 2076 897 2143 ἐπὶ
916 2079 1074 2162 Σούνιον,
1097 2080 1157 2162 τὴν
1180 2076 1217 2145 δέ

219 2197 263 2276 τῷ
282 2193 401 2252 Αῖαντι
424 2185 527 2250 αὐτοῦ
551 2183 584 2260 ἐς
606 2188 789 2268 Σαλαμῖνα.
827 2185 907 2267 μετὰ
930 2180 967 2248 δὲ
989 2193 1086 2250 τοῦτο
1109 2185 1218 2250 διεδά-

213 2303 320 2357 σαντο
342 2291 403 2373 την
426 2292 523 2372 ληίην
545 2287 600 2354 καλ
620 2291 660 2353 τά
678 2288 856 2374 ἀκροθίνια
874 2288 1065 2374 ἀπέπεμψαν
1084 2287 1117 2368 ἐς
1134 2295 1218 2357 Δελ-

220 2398 315 2481 φούς,
340 2395 375 2460 ἐκ
397 2405 463 2458 τῶν
487 2393 615 2477 ἐγένετο
639 2394 775 2477 ἀνδριάς
798 2397 882 2479 ἔχων
901 2394 937 2460 ἐν
956 2403 994 2479 τῇ
1013 2394 1097 2480 χειρὶ
1114 2396 1219 2482 ἀκρω-

220 2505 334 2587 τήριον
357 2502 442 2582 νεός,
466 2499 529 2564 ἐὼν
552 2498 698 2584 μέγαθος
717 2501 865 2565 δυώδεκα
883 2499 1026 2584 πηχέων·
1049 2499 1162 2586 ἕστηκε
1181 2499 1218 2567 δέ
1315 2483 1316 2519 ¹

171 2626 219 2675 122
230 2604 326 2684 οὗτος
343 2615 382 2690 τῇ
401 2627 461 2689 περ
480 2603 498 2669 δ
515 2606 682 2670 Μακεδὼν
698 2599 910 2691 Ἀλέξανδρος
928 2606 946 2672 ὁ
964 2607 1109 2690 χρύσεος.
1139 2605 1220 2692 πέμ·
1314 2613 1315 2708 χ

220 2727 341 2795 ύαντες
359 2708 396 2778 δὲ
410 2710 588 2796 ἀκροθίνια
608 2712 642 2776 οί
649 2709 806 2794 Ἓλληνες
820 2711 853 2788 ἐς
866 2714 1021 2796 Δελφοὺς
1034 2711 1220 2796 ἐπειρώτων

221 2824 279 2888 τὸν
296 2820 380 2885 θεὸν
398 2825 493 2902 κοινῇ
510 2818 541 2882 εί
558 2817 716 2900 λελάβηκε
729 2819 853 2901 πλήρεα
871 2815 925 2881 καὶ
939 2817 1058 2903 ἀρεστὰ
1070 2819 1110 2882 τά
1123 2817 1219 2903 άκρο-

221 2931 326 2995 θίνια.
357 2925 375 2991 ὁ
395 2919 432 2988 δὲ
450 2921 526 3006 παρ’
544 2918 710 3006 Ἑλλήνων
725 2918 785 3005 μέν
800 2932 867 2986 τῶν
882 2923 991 2988 ἀλλων
1006 2925 1107 3007 ἔφησε
1122 2925 1221 3008 ἔχειν,

221 3035 309 3120 παρὰ
327 3026 532 3114 Αἰγινητέων
557 3024 593 3092 δέ
616 3028 667 3110 ού,
691 3027 773 3092 ἀλλά
796 3026 927 3093 ἀπαίτεε
950 3028 1070 3104 αὐτοὺς
1087 3030 1128 3094 τά
1150 3027 1222 3112 ἀρι-

222 3143 317 3222 στήια
334 3145 392 3220 τῆς
410 3134 446 3200 έν
466 3137 631 3218 Σαλαμῖνι
648 3135 839 3219 ναυμαχίης.
870 3135 1045 3217 Αἰγινῆται
1063 3130 1100 3198 δὲ
1113 3135 1223 3199 πυθό-

222 3266 316 3327 μενοι
343 3237 507 3304 ἀνέθεσαν
536 3238 672 3324 ἀστέρας
694 3239 868 3324 χρυσέους,
898 3242 933 3304 οῖ
953 3237 1005 3304 ἐπὶ
1028 3239 1121 3305 ἀστοῦ
1144 3244 1223 3324 χαλ-

223 3347 300 3413 κέου
315 3344 425 3409 ἑστᾶσι
437 3355 524 3428 τρεῖς
539 3343 591 3408 ἐπὶ
605 3355 662 3428 τῆς
674 3348 806 3428 γωνίης,
821 3345 987 3429 ἀγχοτάτω
1001 3354 1062 3410 τοῦ
1071 3348 1224 3431 Κροίσου

174 3469 222 3518 123
232 3459 399 3535 κρητῆρος.
435 3448 515 3529 μετὰ
539 3445 575 3512 δὲ
597 3449 658 3530 τὴν
681 3450 842 3533 διαίρεσιν
863 3458 920 3533 τῆς
942 3452 1035 3533 ληίης
1054 3453 1170 3518 ἔπλεον
1190 3451 1227 3517 οί
