2632 3970
230 229 295 293 386
477 227 809 287 HERODOTILIB.1X.
842 228 921 282 cAP.
941 235 1000 284 122.

176 387 228 437 122
322 372 451 436 Τούτου
479 368 517 437 δὲ
538 380 599 437 τοῦ
617 370 820 456 Ἀρταΰκτεω
842 381 903 436 τοῦ
926 371 1244 457 ἀνακρεμασθέντος

229 476 408 561 προπάτωρ
431 474 651 563 Ἀρτεμβάρης
678 475 746 542 ἐστὶ
775 476 794 542 ό
817 476 968 562 Πέρσησι
994 477 1244 563 ἐξηγησάμενος

228 584 332 664 λόγον
354 584 413 648 τὸν
436 582 557 648 ἐκεῖνοι
579 582 803 664 ὑπολαβόντες
820 583 924 669 Κύρῳ
942 586 1167 669 προσήνεικαν
1189 583 1242 648 λε’-

229 709 332 770 γοντα
340 688 433 754 τάδε·
444 685 533 754 Ἐπεὶ
543 689 627 763 Ζεὺς
636 687 787 773 Πέρσησι
801 687 982 772 ἡγεμονίην
992 689 1092 771 διδοῖ,
1102 689 1242 770 ἀνδρῶν

155 823 159 832 ·
229 789 267 858 δὲ
290 795 355 876 σοί,
373 797 476 878 Κῦρε,
499 794 645 858 κατελὼν
662 791 852 875 Ἀστυάγεα,
872 792 963 876 φέρε,
982 802 1046 876 γῆν
1063 795 1127 877 γάρ
1147 794 1242 877 ἐκτή-

229 904 317 982 μεθα
347 898 463 981 ὀλίγην
493 896 548 964 καὶ
574 899 698 981 ταύτην
724 897 880 982 τρηχέαν,
911 899 1171 982 μεταναστάντες
1204 900 1242 964 ἐκ

228 1004 350 1087 ταύτης
365 1005 470 1086 ἄλλην
484 1014 614 1088 σχῶμεν
627 1003 760 1087 ἀμείνω.
793 1001 857 1068 εἰσὶ
876 1000 913 1068 δὲ
926 1001 1046 1069 πολλαὶ
1059 1002 1121 1088 μὲν
1139 1005 1241 1070 άστυ·

229 1111 389 1192 γείτονες,
417 1106 535 1173 πολλαὶ
563 1105 600 1174 δὲ
622 1106 677 1172 καὶ
701 1107 878 1193 ἑκαστέρω,
905 1107 973 1174 τῶν
999 1111 1078 1192 μίαν
1101 1112 1241 1194 σχόντες

229 1212 345 1279 πλέοσι
355 1213 500 1297 ἐσόμεθα
514 1216 772 1298 θωμαστότεροι.
791 1215 881 1290 οἰκὸς
889 1210 927 1278 δὲ
936 1215 1098 1298 ἄρχοντας
1111 1215 1240 1299 ἄνδρας

229 1327 365 1384 τοιαῦτα
383 1318 521 1384 ποιέειν·
540 1321 614 1384 κότε
631 1319 696 1404 γάρ
715 1319 756 1402 δὴ
775 1316 830 1383 καὶ
847 1319 978 1404 παρέξει
995 1319 1131 1384 κάλλιον
1147 1319 1168 1403 ἢ
1182 1321 1240 1384 ὅτε

230 1448 268 1507 γε
287 1424 476 1510 ἀνθρώπων
494 1448 529 1490 τε
547 1429 680 1490 πολλῶν
699 1426 842 1510 άρχομεν
860 1425 966 1508 πάσης
983 1447 1019 1489 τε
1039 1433 1097 1508 τῆς
1111 1419 1237 1508 Ἀσίηςς

230 1533 343 1614 Κῦρος
371 1526 408 1594 δὲ
434 1539 536 1595 ταῦτα
563 1530 707 1605 ἀκούσας
727 1527 783 1593 καὶ
806 1529 847 1593 ού
870 1530 1030 1614 θωμάσας
1051 1530 1111 1594 τὸν
1133 1531 1238 1612 λόγον

231 1634 359 1701 ἐκέλευε
371 1633 496 1699 ποιέειν
510 1643 622 1716 ταῦτα,
631 1634 718 1699 οὕτω
732 1631 769 1698 δὲ
783 1633 913 1699 αὐτοῖσι
926 1637 1083 1719 παραίνεε
1092 1634 1238 1699 κελεύων

230 1740 537 1824 παρασκευάζεσθαι
559 1739 604 1816 ὡς
622 1738 732 1804 οὐκέτι
750 1738 909 1824 άρξοντας
927 1737 998 1804 ἀλλ’
1020 1738 1238 1824 ἀρξομένους·
1290 1791 1291 1818 ,

231 1843 359 1930 φιλέειν
382 1846 445 1929 γάρ
469 1843 592 1909 ἐκτῶν
615 1849 770 1929 μαλακῶν
793 1845 911 1930 χώρων
928 1848 1094 1929 μαλακοὺς
1111 1846 1239 1931 ἄνδρας
1290 1917 1291 1928 ,

231 1954 399 2035 γίνεσθαι·
431 1949 473 2015 ού
498 1949 563 2034 γάρ
589 1973 621 2014 τι
648 1959 706 2034 τῆς
734 1950 834 2034 αὐτῆς
860 1960 921 2034 γῆς
944 1945 1028 2015 εἶναι
1050 1954 1180 2035 καρπόν
1202 1976 1238 2017 τε

230 2059 412 2142 θωμαστὸν
430 2056 530 2140 φύειν
547 2053 602 2120 καὶ
620 2056 744 2140 άνόρας
762 2055 912 2138 ἀγαθοὺς
925 2057 965 2120 τά
978 2054 1127 2140 πολέμια.
1153 2058 1238 2123 ὥστε
1287 2037 1290 2072 ¹

231 2165 432 2246 συγγνόντες
446 2160 574 2246 Πέρσαι
594 2166 726 2245 οἴχοντο
742 2160 952 2243 ἀποστάντες,
976 2158 1181 2239 ἑσσωθέντες
1198 2171 1238 2248 τῇ
1288 2181 1290 2216 ⁴

231 2267 347 2349 γνώμη
363 2269 445 2351 πρὸς
460 2267 588 2350 Κύρου,
607 2267 719 2350 ἄρχειν
735 2289 770 2330 τε
786 2266 915 2331 εἴλοντο
929 2267 1059 2350 λυπρὴν
1073 2266 1239 2345 οἰκέοντες
1289 2329 1290 2362 η

230 2373 358 2455 μᾶλλον
381 2370 402 2454 ἢ
424 2371 563 2436 πεδιάδα
586 2373 776 2456 σπείροντες
798 2371 928 2437 ἄλλοισι
951 2372 1134 2438 δουλεύειν.
1285 2457 1289 2504 ⁴
