2640 3960
207 255 251 320 90
620 254 807 310 HERODOTI
1293 315 1296 396 A

207 394 312 482 ήσσον
335 399 418 474 ὅκως
441 398 597 484 ἐξεύρωσι
620 398 729 463 αὐτῶν
751 399 811 463 τὸν
829 397 1063 483 πρεσβύτερον,
1086 390 1204 458 ὑποθέ·
1294 439 1295 450 ι

207 508 289 568 σθαι
321 505 427 590 ἀνδρα
462 507 656 587 Μεσσήνιον
687 512 733 591 τῷ
767 503 895 587 οὔνομα
928 497 1012 568 εἶναι
1045 501 1208 580 Πανίτην·
1294 426 1297 574 δ

208 607 398 674 ὑποθέσθαι
422 606 458 675 δὲ
475 619 595 676 τοῦτον
607 612 667 675 τὸν
687 612 837 692 Πανίτην
854 609 933 673 τάδε
951 618 1036 672 τοῖσι
1050 605 1211 670 Λακεδαι-

209 716 370 798 μονίοισι,
399 715 541 799 φυλάξαι
563 716 624 798 τήν
646 715 845 798 γειναμένην
867 715 1023 798 ὁκότερον
1049 722 1116 776 τῶν
1139 731 1211 774 παι-

211 821 294 885 δίων
312 824 475 906 πρότερον
489 822 580 885 λούει
594 818 649 885 καὶ
663 823 788 898 σιτίζει·
811 818 867 886 καὶ
881 820 923 904 ἢν
938 815 998 903 μέν
1011 818 1093 882 κατὰ
1110 816 1212 880 ταύτὰ

210 928 368 1009 φαίνηται
391 924 455 990 αἰεὶ
478 935 627 1008 ποιεῦσα,
650 929 728 1002 τοὺς
751 922 788 990 δὲ
810 934 877 990 πᾶν
901 924 986 1002 ἕξειν
1009 915 1090 988 ὅσον
1107 945 1140 986 τι
1158 918 1213 986 καὶ
1299 965 1300 980 ,

211 1032 356 1113 δίζηνται
388 1029 442 1095 καὶ
473 1031 612 1096 θέλουσι
645 1029 800 1115 ἐξευρεῖν,
832 1030 874 1114 ήν
907 1027 943 1094 δὲ
975 1034 1136 1094 πλανᾶται
1159 1025 1213 1091 καὶ

211 1135 318 1219 έκείνη
342 1134 479 1213 έναλλάξ
511 1145 659 1218 ποιεῦσα,
691 1137 773 1219 δήλά
806 1153 866 1220 σφι
881 1217 885 1232 Ι
899 1138 1034 1200 ἔσεσθαι
1062 1135 1107 1201 ὡς
1134 1130 1214 1198 οὐδὲ

211 1241 319 1324 ἐκείνη
333 1240 435 1306 πλέον
449 1238 549 1306 οὐδέν
564 1236 644 1322 οἶδε,
664 1239 713 1306 ἐπ’
735 1242 838 1324 ἀλλην
856 1265 891 1306 τε
908 1237 1092 1326 τραπέσθαι
1112 1239 1215 1322 σφέας
1301 1247 1302 1274 λ

212 1346 301 1412 δδόν.
325 1345 471 1411 ἐνθαῦτα
490 1347 531 1428 δή
550 1349 627 1422 τοὺς
645 1351 854 1430 Σπαρτιήτας
871 1348 952 1411 κατά
969 1347 1028 1429 τάς
1044 1354 1105 1410 τοῦ
1124 1349 1214 1410 Μεσ-

212 1455 332 1534 σηνίου
353 1452 526 1534 ὑποθήκας
544 1452 752 1535 φυλάξαντας
769 1453 830 1534 τήν
849 1451 970 1536 μητέρα
988 1461 1055 1516 τῶν
1071 1449 1215 1536 Ἀριστο-

213 1559 320 1642 δήμου
343 1558 472 1622 παίδων
495 1560 608 1639 λαβεῖν
631 1558 712 1621 κατὰ
738 1557 841 1621 ταύτά
870 1568 1016 1641 τιμῶσαν
1044 1558 1105 1621 τὸν
1137 1560 1216 1641 πρό-

212 1686 309 1747 τερον
332 1659 386 1726 καὶ
409 1665 529 1726 σίτοισι
551 1659 604 1726 καὶ
623 1667 802 1746 λουτροῖσι,
827 1662 887 1727 οὐκ
902 1664 1031 1727 είδυῑαν
1048 1673 1116 1726 τῶν
1136 1663 1215 1728 ε’ίνε-

213 1792 269 1834 κεν
294 1767 505 1852 έφυλάσσετο.
529 1769 690 1849 λαβόντας
709 1765 746 1831 δὲ
763 1768 800 1831 τὸ
820 1769 954 1832 παιδίου
973 1769 1010 1832 τὸ
1029 1769 1217 1852 τιμώμενον
1304 1773 1305 1778 ’

213 1875 296 1960 πρὸς
317 1883 374 1957 τῆς
396 1872 590 1957 γειναμένης
620 1873 664 1949 ὡς
691 1873 746 1938 έὸν
768 1876 931 1958 πρότερον
953 1872 1089 1958 τρέφειν
1112 1873 1150 1939 έν
1173 1883 1217 1962 τῷ
1304 1799 1306 1916 δ

216 1983 376 2066 δημοσίῳ·
404 1983 462 2044 καί
481 1980 516 2044 οί
536 1979 664 2062 ούνομα
686 1984 824 2061 τεθῆναι
847 1978 1082 2063 Εὐρυσθένεα,
1110 1989 1157 2067 τῳ
1183 1976 1218 2045 δὲ
1306 1953 1307 2040 δ

216 2085 392 2172 [νεωτέρῳ]
417 2085 577 2177 Προκλέα.
607 2086 745 2159 τούτους
774 2083 1008 2168 ἀνδρωθέντας
1035 2084 1160 2163 αύτούς
1186 2110 1219 2150 τε

215 2189 397 2272 ἀδελφεοὺς
419 2191 532 2266 έόυτας
555 2189 688 2272 λέγουσι
713 2190 896 2273 διαφόρους
919 2184 1004 2254 εἶναι
1026 2191 1086 2254 τὸν
1111 2193 1219 2256 πάντα

215 2297 338 2378 χρόνον
356 2304 414 2376 τής
433 2297 505 2377 ζόης
523 2294 703 2376 ἀλλήλοισι,
726 2291 780 2358 καὶ
799 2296 877 2370 τοὺς
895 2294 959 2359 ἀπὸ
977 2295 1107 2360 τούτων
1125 2321 1220 2380 γενο-

163 2397 336 2481 τεμένους
358 2398 513 2474 ὡσαύτως
536 2397 722 2462 διατελέειν.
756 2406 857 2463 ταῦτα
880 2396 940 2482 μὲν
958 2401 1221 2484 Λακεδαιμόνιοι

216 2500 350 2584 λέγουσι
373 2511 492 2585 μοῦνοι
511 2499 693 2584 Ἑλλήνων,
726 2502 803 2568 τάδε
832 2499 869 2568 δὲ
892 2507 973 2569 κατὰ
994 2507 1035 2569 τὰ
1057 2510 1221 2592 λεγόμενα

217 2602 273 2672 ὑπ’
295 2603 462 2690 Ἑλλήνων
485 2607 548 2690 έγδι
571 2607 699 2692 γράφω,
723 2608 860 2684 τούτους
881 2611 956 2692 [γὰρ
976 2611 1031 2692 δή]
1050 2614 1131 2688 τοῦς
1145 2619 1222 2678 Δω-

218 2712 317 2799 ριέων
344 2711 498 2796 βασιλέας
520 2711 613 2796 μέχρι
643 2708 703 2795 μέν
726 2711 873 2796 Περσέος
899 2723 959 2778 τοῦ
986 2717 1137 2799 Δανάης,
1162 2727 1227 2784 τοῦ·

217 2827 302 2884 θεοῦ
326 2819 497 2901 ἀπεόντος,
529 2817 809 2901 καταλεγομένους
840 2818 952 2903 ὀρθῶς
973 2818 1029 2884 ὑπ’
1051 2817 1224 2906 Ἑλλήνων

218 2922 272 2989 καὶ
295 2923 593 3009 ἀποδεικνυμένους
616 2925 659 3000 ὡς
682 2922 744 2988 είσὶ
760 2922 928 3005 Ἕλληνες·
956 2926 1020 3008 ήδη
1043 2927 1109 3011 γάρ
1132 2951 1225 3012 τηνι-

218 3038 322 3095 καῦτα
346 3031 378 3106 ἐς
392 3029 555 3113 Ἕλληνας
579 3024 671 3094 οὗτοι
694 3029 829 3094 ἐτέλεον.
854 3027 945 3106 ἔλεξα
964 3026 1001 3094 δέ
1019 3029 1116 3116 μέχρι
1136 3038 1226 3118 Περ-

220 3134 295 3210 σέος
317 3136 415 3200 τοῦδε
439 3136 557 3218 εἵνεκα,
581 3129 652 3200 ἀλλ’
674 3134 735 3199 οὐκ
757 3133 921 3198 ἀνέκαθεν
944 3137 991 3198 έτι
1014 3138 1149 3220 έλαβον,
1175 3141 1224 3204 ὅτι

221 3239 282 3303 οὐκ
305 3241 415 3304 ἔπεστι
439 3241 605 3323 ἐπωνυμίη
630 3238 754 3324 Περσέι·
775 3237 912 3322 οὐδεμία
934 3241 1058 3324 πατρὸς
1080 3248 1226 3327 θνητοῦ,

222 3344 330 3427 ὥσπερ
344 3340 499 3428 Ἡρακλέϊ
508 3340 729 3428 Ἀμφιτρύων·
752 3344 815 3426 ήδη
835 3338 882 3407 ὧν
901 3343 994 3430 ὀρθῷ
1013 3348 1103 3433 λόγῳ
1123 3373 1227 3434 χρεω-

223 3446 312 3535 μένῳ
331 3447 426 3532 μέχρι
444 3448 591 3531 Περσέος
609 3449 720 3531 ὀρθῶς
734 3451 861 3531 είρηταί
875 3468 944 3531 μοι·
968 3449 1032 3515 ἀπὸ
1047 3448 1229 3538 δὲΔανάης
