2632 3970
424 251 491 305 ΗΒ.
506 251 552 305 lx.
590 249 667 305 cAP.
687 256 808 305 εο-ιο.
1056 251 1121 316 359

115 397 283 478 πολεμίων
313 395 450 478 άγχιστα
478 393 579 460 ἐοῦσα
606 393 795 479 ἀπέργουσά
821 418 856 459 τε
883 398 962 472 τοὺς
988 398 1123 480 φιλίους

117 501 304 584 φεύγοντας
336 500 399 566 άπὸ
432 511 499 565 τῶν
523 496 701 582 Ἑλλήνων.
747 501 783 564 οί
807 496 868 584 μὲν
898 501 938 584 δὴ
965 513 1122 579 νικῶντες

117 606 250 671 εἵποντο
271 609 350 682 τοὺς
368 605 495 692 Ξέρξεω
520 603 695 682 διώκοντές
717 627 752 670 τε
774 603 829 670 καὶ
848 607 1059 689 φονεύοντες·
1083 609 1120 674 ἐν
1139 628 1179 677 6ο

117 708 156 776 δέ
177 713 283 799 τούτῳ
306 721 352 800 τῷ
374 711 539 799 γινομένῳ
564 714 659 799 φόβῳ
680 709 871 795 ἀγγέλλεται
889 721 975 776 τοῖσι
993 714 1121 778 άλλοισι

118 815 255 901 Ἕλλησι
283 829 369 883 τοῖσι
395 816 623 902 τεταγμένοισι
650 815 725 902 περὶ
748 818 785 882 τὸ
800 815 943 901 Ἥραιον
966 816 1020 882 καὶ
1043 817 1123 883 άπο-

117 924 326 1008 γενομένοισι
348 933 405 1008 της
426 926 541 1008 μάχης,
565 925 616 990 ὅτι
638 925 723 1009 μάχη
742 948 777 988 τε
795 923 912 1007 γέγονε
929 921 985 990 καὶ
1003 931 1123 1011 νικῷεν

118 1030 154 1095 οί
173 1031 253 1114 μετὰ
277 1033 492 1095 Παυσανίεω·
518 1031 553 1096 oc
574 1026 611 1095 δέ
633 1029 833 1107 ἀκούσαντες
855 1038 972 1113 ταῦτα,
1001 1030 1123 1096 οὐδένα

117 1138 244 1219 κόσμον
266 1134 453 1219 ταχθέντες,
478 1136 513 1200 οί
532 1131 593 1219 μέν
616 1134 701 1220 ἀμφὶ
719 1139 925 1221 Κορινθίους
944 1135 1123 1221 ἐτράποντο

116 1241 175 1304 διὰ
196 1249 255 1324 τῆς
277 1239 428 1324 ὑπωρέης
449 1239 590 1306 καὶτῶν
608 1247 767 1306 κολωνῶν
785 1242 845 1324 τὴν
865 1240 1034 1324 φέρουσαν
1054 1243 1122 1308 άνω

119 1349 179 1410 ι’θὺ
201 1356 262 1412 τοῦ
285 1348 361 1433 ἱροῦ
383 1357 440 1432 τῆς
458 1351 646 1431 Δήμητρος,
670 1348 706 1413 οί
726 1345 762 1412 δέ
785 1345 870 1432 άμφλ
892 1351 1068 1432 Μεγαρέας
1089 1370 1124 1413 τε

117 1450 173 1517 καί
194 1455 375 1529 Φλιασίους
395 1454 449 1518 διά
471 1462 532 1518 τοῦ
550 1455 667 1518 πεδίου
685 1454 747 1537 τὴν
760 1454 931 1536 λειοτάτην
944 1465 1011 1519 τῶν
1026 1453 1123 1519 ὁδῶν.

118 1559 225 1625 ἐπείτε
252 1555 289 1623 δέ
317 1559 420 1643 άγχοῦ
443 1570 511 1624 τῶν
533 1563 700 1644 πολεμίων
724 1559 874 1643 ἐγίνοντο
899 1562 935 1625 οί
953 1559 1125 1645 Μεγαρέες

117 1663 174 1730 καλ
208 1665 376 1747 Φλιάσιοι,
410 1663 583 1741 ἀπιδόντες
615 1666 719 1750 σφέας
746 1667 781 1731 οί
806 1669 963 1750 Θηβαίων
993 1667 1124 1731 ίππόται

118 1771 353 1855 ἐπειγομένους
376 1769 497 1835 οὐδένα
520 1774 646 1855 κόσμον
663 1775 812 1855 ἤλαυνον
835 1769 885 1838 ἐπ’
908 1773 1029 1848 αὐτοὺς
1047 1775 1126 1850 τοὺς

57 1935 66 1944 .
119 1877 249 1960 ἵππους,
271 1889 339 1942 τῶν
363 1878 518 1963 ἱππάρχεε
536 1875 773 1964 Ἀσωπόδωρος
795 1878 813 1944 ὁ
836 1878 1037 1963 Τιμάνδρου.
1074 1878 1090 1944 ἐ
1111 1920 1125 1930 -

118 1985 274 2059 πεσόντες
302 1979 339 2046 δέ
361 1985 598 2068 κατεστόρεσαν
621 1984 731 2048 αὐτῶν
755 1983 959 2067 ἑξακοσίους,
986 1987 1065 2060 τοὺς
1089 1980 1125 2050 δέ

119 2091 257 2165 λοιποὺς
274 2087 459 2172 κατήραξαν
479 2090 655 2166 διώκοντες
673 2089 706 2166 ἐς
718 2091 778 2155 τὸν
791 2093 998 2176 Κιθαιρῶνα.
1032 2085 1124 2155 οὗτοι

119 2191 181 2280 μέν
209 2195 250 2278 δὴ
279 2194 316 2260 ἐν
339 2193 452 2260 οὐδενὶ
475 2198 562 2282 λόγῳ
586 2194 774 2260 ἀπώλοντο·
805 2196 841 2260 οί
861 2191 898 2260 δέ
920 2194 1048 2281 Πέρσαι
1071 2193 1125 2261 καὶ
1144 2214 1181 2262 ἰο

120 2300 139 2365 ὁ
162 2301 260 2377 ἄλλος
288 2302 415 2386 ὅμιλος,
444 2301 488 2377 ὡς
514 2299 703 2385 κατέφυγον
730 2300 763 2377 ές
789 2301 827 2366 τὸ
851 2299 986 2378 ξύλινον
1008 2313 1125 2387 τεῖχος,

120 2409 277 2491 ἔφθησαν
309 2406 362 2473 ἐπὶ
393 2409 471 2484 τοὺς
500 2408 649 2491 πύργους
680 2406 861 2490 ἀναβάντες
891 2405 972 2491 πρὶν
999 2407 1019 2492 ἢ
1047 2410 1126 2486 τοὺς

121 2513 404 2597 Λακεδαιμονίους
436 2511 628 2595 ἀπικέσθαι,
658 2512 839 2598 ἀναβάντες
871 2509 908 2578 δέ
939 2513 1125 2598 ἐφράξαντο

120 2619 166 2695 ὡς
187 2618 349 2701 ἠδυνέατο
373 2620 489 2704 άριστα
512 2621 549 2684 τὸ
572 2630 686 2704 τεῖχος.
722 2620 979 2703 προσελθόντων
1003 2615 1040 2684 δέ
1058 2629 1126 2684 τῶν

121 2725 395 2809 Λακεδαιμονίων
425 2724 618 2808 κατεστήκεέ
642 2740 703 2807 σφι
729 2727 917 2808 τειχομαχίη
946 2723 1125 2809 ἐρρωμενε-

121 2830 229 2916 στέρη.
270 2829 331 2906 ἕως
353 2826 413 2913 μέν
436 2831 499 2914 γάρ
523 2828 652 2914 άπησαν
676 2830 711 2894 οί
727 2824 911 2911 Ἀθηναῖοι,
935 2829 971 2893 οί
990 2828 1021 2893 δ’
1043 2829 1126 2913 ἠμύ-

122 2960 224 3002 νοντο
243 2933 298 3002 καὶ
315 2939 426 3021 πολλῷ
445 2934 547 3000 πλέον
565 2930 656 3019 εἶχον
673 2945 741 2999 τῶν
757 2936 1028 3018 Λακεδαιμονίων
1042 2936 1126 3001 ὥστε

122 3042 184 3108 οὐκ
213 3039 437 3126 ἐπισταμένων
466 3039 700 3126 τειχομαχέειν·
733 3039 777 3116 ὡς
804 3039 844 3105 δέ
868 3055 929 3124 σφι
952 3035 1125 3124 Ἀθηναῖοι

121 3153 332 3232 προσῆλθον,
365 3147 451 3212 οὕτω
485 3147 526 3230 δὴ
556 3147 673 3231 ίσχυρη
703 3146 829 3230 ἐγίνετο
855 3149 1043 3231 τειχομαχίη
1071 3145 1126 3212 καὶ

122 3256 246 3339 χρόνον
277 3251 330 3319 ἐπί
356 3254 490 3320 πολλόν.
534 3249 627 3328 τέλος
654 3248 691 3317 δέ
719 3251 816 3338 ἀρετῇ
843 3275 878 3317 τε
910 3249 964 3316 καὶ
991 3257 1126 3340 λιπαρίῃ

123 3358 287 3442 ἐπέβησαν
310 3357 483 3442 Ἀθηναῖοι
513 3367 574 3423 τοῦ
602 3360 725 3442 τείχεος
751 3356 806 3423 καὶ
832 3360 984 3444 ἤρειπον,
1016 3368 1055 3444 τῇ
1083 3361 1126 3444 δν)

123 3463 292 3543 ἐσεχέοντο
320 3465 356 3530 οί
371 3462 534 3541 Ἕλληνες.
580 3473 705 3541 πρῶτοι
733 3460 770 3528 δέ
798 3456 942 3548 ἐσῆλθον
969 3467 1126 3544 Τεγεῆται
