2640 3960
405 279 470 335 111ss.
487 279 533 335 v1.
571 280 646 335 ολΡ.
668 287 788 338 ιε-ιο.
1041 281 1106 348 103

138 418 224 489 Ἀλλ’
250 425 329 490 ὅταν
352 423 373 508 ή
395 427 515 507 θήλεια
538 426 597 490 τὸν
620 426 743 509 ἀρσενα
766 428 928 508 νικήσασα

138 524 291 615 Ἐξελάση
313 527 369 596 καὶ
391 531 493 607 κῦδος
515 528 552 595 έν
572 527 769 613 Ἀργείοισιν
793 533 926 616 ἀρηται,

42 709 45 714 ,
141 638 275 712 Πολλὰς
295 633 451 720 Ἀργείων
473 635 707 720 ἀμφιδρυφέας
728 639 802 702 τότε
824 640 932 720 θήσει.

142 739 202 818 Ὦς
223 741 305 807 ποτέ
324 765 373 818 τις
396 741 479 827 ἐρέει
501 740 555 806 καὶ
579 741 808 827 ἐπεσσομένων
832 743 1034 829 ἀνθρώπων·

142 849 264 925 Δεινός
287 850 364 932 όφις
386 848 565 933 τριέλικτος
588 848 734 914 ἀπώλετο
753 847 850 933 όονρὶ
870 850 1061 934 δαμασθείς.

97 963 200 1020 ταῦτα
231 955 272 1037 δή
302 954 409 1019 πάντα
440 957 649 1019 συνελθόντα
679 965 767 1020 τοῖσι
792 951 968 1041 Ἀργείοισι
996 961 1107 1042 φόβον

98 1069 240 1145 παρεῖχε.
276 1059 332 1125 καὶ
355 1061 396 1143 δή
420 1077 480 1143 σφι
502 1061 585 1146 πρὸς
606 1070 708 1126 ταῦτα
731 1060 823 1139 ἔδοξε
839 1070 885 1149 τῷ
904 1065 1022 1148 κήρυκι
1040 1073 1107 1129 τῶν

97 1170 266 1252 πολεμίων
297 1174 458 1252 χρᾶσθαι,
496 1166 597 1244 δόξαν
630 1165 669 1232 δέ
701 1182 761 1250 σφι
793 1167 927 1234 έποίευν
959 1170 1106 1234 τοιόνδε·

98 1275 183 1350 ὅκως
207 1272 224 1338 6
248 1275 457 1358 Σπαρτιήτης
479 1271 581 1357 κῆρυξ
603 1275 826 1358 προσημαίνοι
849 1297 881 1338 τι
903 1276 1107 1362 Λακεδαιμο-

98 1384 217 1462 νίοισι,
248 1378 380 1444 έποίενν
407 1377 462 1443 καὶ
485 1379 521 1444 oc
543 1376 683 1462 Ἀργεῖοι
706 1379 811 1444 τώυτὸ
833 1388 940 1445 τοῦτο.
986 1382 1107 1464 μαθὼν
1127 1401 1160 1452 τε

99 1483 136 1552 ἀὲ
160 1485 178 1552 6
201 1484 391 1570 Κλεομένης
413 1493 587 1562 ποιεῦντας
611 1487 690 1561 τοὺς
709 1481 877 1570 Ἀργείους
900 1485 1012 1551 ὁκοῖόν
1034 1509 1066 1550 τι
1090 1485 1107 1551 6

100 1591 261 1677 σφέτερος
283 1590 384 1677 κῆρυξ
408 1593 579 1674 σημήνειε,
607 1589 825 1675 παραγγέλλει
848 1608 923 1676 σφι,
949 1593 1029 1657 όταν
1052 1610 1109 1676 ση-

99 1702 187 1784 μήνη
219 1697 236 1764 6
265 1697 367 1782 κῆρυξ
395 1695 568 1762 ποιέεσθαι
596 1698 747 1782 ἀριστον,
778 1699 850 1762 τότε
883 1697 1110 1781 ἀναλαβόντας

99 1807 139 1870 κά
163 1806 247 1870 ὅπλα
269 1802 406 1888 χωρέειν
429 1802 462 1880 ές
480 1805 558 1879 τοὺς
573 1799 748 1888 Ἀργείους.
785 1811 888 1868 ταῦτα
906 1801 961 1868 καὶ
979 1803 1108 1887 ἐγένετο

101 1909 248 1976 ἐπιτελέα
277 1910 313 1975 έκ
339 1919 405 1976 τῶν
429 1910 717 1993 Λακεδαιμονίων·
749 1909 885 1993 ἀριστον
912 1911 975 1994 γάρ
998 1932 1109 1976 ποιευ-

100 2017 231 2101 μένοισι
257 2027 343 2080 τοῖσι
368 2010 543 2100 Ἀργείοισι
571 2013 607 2080 έκ
632 2023 694 2080 τοῦ
715 2015 923 2098 κηρύγματος
945 2015 1109 2100 ἐπεκέατο,

99 2121 155 2188 καὶ
173 2125 317 2198 πολλοὺς
335 2117 395 2206 μέν
414 2121 600 2205 ἐφόνευσαν
619 2121 739 2203 αὐτῶν,
762 2125 874 2208 πολλῷ
893 2115 924 2185 6'
946 2124 994 2186 ἔτι
1011 2127 1109 2188 πλεῦ-

100 2254 162 2306 νας
183 2228 216 2306 ές
232 2230 270 2294 τὸ
289 2229 391 2304 ἀλσος
408 2235 469 2292 τοῦ
482 2226 608 2312 Ἀργου
626 2229 877 2311 καταφυγόντας
890 2231 1110 2314 περιιζόμενοι

101 2336 302 2420 ἐφύλασσον.
341 2333 500 2399 ἐνθεῦτεν
524 2329 561 2398 δὲ
584 2332 602 2398 6
625 2332 815 2418 Κλεομένης
837 2331 943 2399 έποίεε
966 2336 1110 2401 τοιόνδε·
1129 2353 1164 2403 79

100 2445 187 2528 έχων
207 2439 411 2524 αὐτομόλους
430 2440 555 2524 ἀνδρας
573 2436 627 2503 καὶ
643 2442 899 2522 πυνθανόμενος
915 2441 1044 2506 τούτων
1062 2440 1110 2520 έξ·

102 2548 214 2613 εκάλεε
237 2545 375 2630 πέμπων
397 2549 535 2631 κήρυκα,
560 2542 719 2628 ὀνομαστί
742 2544 854 2628 λέγων·
870 2556 938 2610 τῶν
954 2543 1110 2632 Ἀργείων

100 2656 180 2730 τοὺς
208 2652 244 2718 έν
267 2660 311 2740 τῷ
337 2653 396 2740 ίρῷ
421 2650 660 2737 ἀπεργμένους,
689 2649 833 2729 ἐξεκάλεε
852 2648 889 2716 δὲ
913 2653 977 2735 φάς
1000 2652 1110 2717 αὐτῶν

102 2765 190 2845 ἔχειν
212 2760 253 2824 τὰ
275 2760 409 2824 ἀποινα·
433 2759 554 2823 ἀποινα
578 2755 618 2821 δέ
638 2756 707 2822 έστι
726 2759 1029 2839 Πελοποννησίοισι
1048 2759 1109 2821 όόο

100 2865 199 2952 μνέαι
234 2863 427 2948 τεταγμέναι
463 2860 537 2928 κατ’
575 2863 682 2948 ἀνδρα
718 2863 923 2947 αίχμάλωτον
960 2861 1110 2928 έκτίνειν.

100 2974 183 3038 κατά
216 2973 419 3054 πεντήκοντα
452 2971 492 3053 δὴ
525 2964 572 3034 ὧν
601 2979 668 3033 τῶν
697 2965 853 3054 Ἀργείων
881 2967 925 3044 ὡς
955 2965 1110 3044 έκάστους
1214 3029 1216 3033 .

101 3078 339 3162 ἐκκαλεύμενος
357 3076 375 3142 6
391 3074 580 3160 Κλεομένης
598 3077 728 3140 ἔκτεινε.
761 3083 863 3138 ταῦτα
882 3070 921 3137 δέ
937 3095 1002 3148 κως
1020 3075 1111 3154 γινό-

100 3209 186 3270 μενα
214 3182 367 3267 ἐλελήθεε
394 3183 473 3258 τοὺς
495 3182 631 3256 λοιποὺς
653 3182 731 3256 τοὺς
755 3179 791 3245 έν
813 3186 858 3266 τῷ
882 3176 1021 3262 τεμένεϊ·
1054 3178 1111 3244 ἀτε

100 3294 165 3378 γάρ
184 3298 314 3355 πυκνοῦ
333 3288 446 3364 έόντος
462 3296 523 3352 τοῦ
541 3288 657 3362 ἀλσεος
677 3284 738 3350 οὐκ
757 3285 853 3368 ὥρων
872 3285 908 3348 oc
923 3282 1015 3360 έντὸς
1032 3287 1112 3361 τοὺς

100 3398 195 3473 έκτὸς
223 3395 295 3460 ὅτι
323 3397 506 3479 ἔπρησσον,
534 3394 613 3477 πρίν
640 3413 678 3474 γε
707 3391 747 3473 δή
776 3389 885 3454 αὐτῶν
911 3413 960 3466 τις
987 3390 1113 3474 ἀναβὰς

100 3501 154 3569 έπί
184 3501 324 3587 δένδρος
350 3499 479 3564 κατεῖδε
505 3499 543 3564 τὸ
570 3498 778 3583 ποιεόμενον.
826 3495 888 3559 οὐκ
916 3490 963 3560 ὧν
992 3497 1033 3575 δή
1064 3499 1112 3560 ἔτι
