2640 3960
401 276 468 334 LIB.
483 279 529 333 vl.
568 277 645 334 GAP.
666 286 822 336 ιιι-ιω.
1059 281 1123 346 125

114 417 211 504 τέρας
234 419 353 497 ἐούσας
374 433 461 507 τρεῖς
484 415 553 500 οἷός
575 447 625 500 τις
647 423 730 509 ἀνὴρ
754 424 897 508 ἐγένετο·
926 424 1037 510 ἐπειδη
1061 427 1123 511 γὰρ

115 524 267 608 ἐγίνοντο
291 527 399 610 γάμου
422 527 550 613 ὡραῖαι,
575 529 679 595 ἔδωκε’
697 546 758 614 σφι
777 532 906 617 δωρεὴν
924 537 1124 616 μεγαλοπρε·

114 633 278 715 πεστάτην
307 632 453 719 ἐκείνῃσί
472 657 507 700 τε
534 634 721 719 ἐχαρίσατο·
752 635 787 700 ἐκ
814 637 877 721 γάρ
900 638 1034 702 πάντων
1056 649 1123 704 τῶν

111 734 302 821 Ἀθηναίων
320 739 379 803 τὸν
399 737 515 822 ἑκάστη
535 739 646 808 ἐθέλοι
665 743 772 827 ἀνδρα
791 740 896 827 ἑωυτῇ
917 741 1122 827 ἐκλέξασθαι,

115 845 218 910 ἔδωκε
240 844 346 931 τούτῳ
370 853 415 931 τῷ
439 845 560 932 ἀνδρί]
606 845 660 912 καὶ
684 849 719 912 οί
735 842 971 932 Ἀλκμεωνίδαι
994 848 1116 932 ὁμοίως
1125 867 1174 916 123

115 950 136 1034 ἣ
160 947 260 1015 οὐδὲν
282 945 387 1033 ησσον
410 952 531 1022 τούτου
553 948 639 1035 ἦσαν
662 954 909 1040 μισοτύραννοι.
951 961 1050 1038 θῶμα
1074 949 1122 1020 ὧν

115 1079 172 1140 μοι
194 1054 249 1120 καὶ
273 1056 314 1122 ού
336 1059 511 1141 προσίεμαι
534 1059 595 1142 τὴν
619 1060 794 1144 διαβολήν,
822 1062 962 1137 τούτους
983 1084 1020 1144 γε
1044 1059 1122 1126 ἀνοι-

115 1155 206 1240 δέξαι
236 1162 373 1245 ἀσπίδα,
402 1163 522 1240 οἵτινες
550 1166 694 1248 ἔφευγόν
716 1188 752 1230 τε
779 1167 838 1231 τὸν
865 1166 972 1231 πάντα
999 1167 1122 1249 χρόνον

114 1271 193 1345 τοὺς
219 1268 419 1351 τυράννους,
449 1268 485 1334 ἐκ
507 1279 655 1354 μηχανῆς
676 1294 711 1336 τε
737 1280 795 1355 τῆς
821 1273 948 1338 τούτων
973 1269 1122 1349 ἐξέλιπον

114 1375 385 1458 Πεισιστρατίδαι
407 1375 468 1458 τὴν
491 1377 683 1460 τυραννίδα.
719 1375 774 1442 καὶ
797 1377 884 1443 ούτω
901 1378 960 1454 τὰς
979 1361 1122 1460 Ἀθηνοίς

114 1476 207 1547 οὗτοι
235 1475 321 1562 ἦσαν
349 1480 384 1544 ολ
410 1479 693 1564 ἐλευθερώσαντες
720 1487 830 1570 πολλῷ
859 1487 985 1567 μᾶλλον
1012 1484 1033 1568 ἦ
1060 1505 1121 1566 περ

113 1587 285 1671 Αρμόδιός
306 1609 341 1651 τε
363 1583 418 1652 καὶ
433 1580 692 1672 Ἀριστογείτων,
716 1589 760 1666 ὡς
778 1587 842 1672 ἐγὼ
860 1591 973 1674 κρίνω.
1010 1589 1045 1654 οί
1060 1585 1121 1672 μὲν

113 1694 177 1776 γὰρ
198 1692 402 1778 ἐξηγρίωσαν
419 1694 498 1768 τοὺς
515 1692 718 1771 ὑπολοίπους
737 1693 1038 1781 Πεισιστρατιδέων
1053 1692 1121 1759 Ἵπ-

113 1821 243 1882 παρχον
266 1777 530 1881 ἀποκτείναντες,
555 1797 636 1864 οὐδέ
655 1821 687 1864 τι
710 1805 835 1883 μᾶλλον
859 1802 1006 1866 ἔπαυσαν
1032 1802 1122 1880 [τοὺς

114 1905 269 1984 λοιπούς]
306 1905 584 1987 τυραννεύοντας,
615 1898 849 1985 Ἀλκμεωνίδαι
881 1901 918 1970 δὲ
951 1904 1121 1991 ἐμφανέως

113 2007 366 2093 ἠλευθέρωσαν,
399 2011 430 2076 εί
460 2011 500 2094 δὴ
529 2005 625 2076 οὗτοί
648 2034 685 2093 γε
713 2009 863 2094 ἀληθέως
889 2007 975 2094 ἦσαν
1002 2012 1037 2078 οἱ
1060 2013 1121 2096 την

114 2119 255 2198 Πυθίην
291 2114 526 2192 ἀναπείσαντες
557 2119 796 2202 προσημαίνειν
828 2118 1121 2200 Λακεδαιμονίοισι

114 2222 318 2307 ἐλευθεροῦν
340 2223 398 2298 τὰς
417 2218 574 2305 Ἀθήνας,
598 2223 643 2298 ὥς
665 2245 721 2305 μοι
743 2224 905 2307 πρότερον
929 2225 1119 2308 δεδήλωται.

113 2329 197 2394 ἀλλὰ
219 2329 282 2412 γὰρ
306 2333 385 2404 ίσως
406 2350 439 2391 τι
462 2327 721 2411 ἐπιμεμφόμενοι
736 2325 925 2412 Ἀθηναίων
947 2338 993 2418 τῷ
1017 2332 1110 2421 δήμῳ
1123 2350 1173 2398 124

112 2436 337 2520 προεδίδοσαν
368 2434 430 2517 τὴν
461 2435 611 2519 πατρίδα.
656 2433 697 2498 οὐ
728 2430 788 2518 μὲν
820 2430 868 2500 ὧν
894 2430 980 2518 ἦσάυ
1008 2453 1121 2522 σφεων

113 2542 210 2606 ἀλλοι
237 2541 452 2624 δοκιμώτεροι
480 2542 517 2604 έν
539 2563 576 2622 γε
601 2534 807 2622 Ἀθηναίοισι
837 2541 956 2627 ἀνδρες
984 2541 1057 2608 οὐδ’
1089 2547 1124 2610 οἳ

114 2651 241 2732 μᾶλλον
264 2644 455 2730 ἐτετιμέατο.
493 2645 578 2711 οὕτω
603 2643 683 2712 οὐδὲ
701 2648 799 2729 λόγος
817 2646 919 2733 αἱρέει
938 2647 1119 2733 ἀναδεχθῆ-

113 2777 171 2820 ναι
197 2754 234 2818 ἐκ
255 2776 293 2836 γε
316 2750 358 2817 ἀν
381 2753 509 2816 τούτων
537 2751 659 2818 ἀσπίδα
683 2752 735 2818 ἐπί
757 2753 897 2840 τοιούτω
921 2755 1018 2840 λόγῳ.
1063 2753 1120 2818 ἀν-

0 2930 4 2957 ,
114 2858 236 2942 εδέχθη
269 2854 330 2942 μὲν
360 2859 424 2942 γὰρ
457 2857 568 2942 ἀσπίς,
602 2857 657 2923 καὶ
688 2867 787 2924 τοῦτο
820 2858 882 2922 οὐκ
913 2860 982 2922 ἔστι
1014 2859 1120 2935 ἄλλως

114 2966 234 3030 εἰπεῖν·
258 2962 387 3046 ἐγένετο
405 2965 481 3050 γάρ·
496 2964 540 3067 Ιὃς
558 2964 671 3047 μέντοι
689 2960 731 3047 ἦν
751 2963 768 3029 ὁ
788 2961 956 3046 ἀναδέξας,
977 2962 1037 3028 οὐκ
1056 2966 1119 3049 έχω

112 3068 311 3156 προσωτέρω
335 3073 439 3136 εἰπεῖν
461 3071 598 3136 τούτων.

203 3175 248 3240 OC
277 3172 313 3242 δὲ
338 3172 572 3260 Ἀλκμεωνίδαι
598 3171 683 3259 ἦσαν
711 3172 771 3259 μὲν
798 3169 860 3240 καί
879 3175 919 3239 τά
946 3174 1110 3242 ἀνέκαθεν
1122 3194 1170 3244 125

2 3344 3 3347 ,
114 3278 258 3368 λαμπροὶ
290 3281 326 3346 έν
357 3290 431 3366 τῇσι
462 3276 635 3366 Ἀθήνῃσι,
672 3281 735 3346 ἀπὸ
769 3277 806 3347 δέ
832 3275 1033 3365 Ἀλκμέωνος
1063 3281 1118 3348 καὶ

114 3382 207 3464 αὖτις
228 3386 422 3470 Μεγακλέος
444 3385 598 3470 ἐγένοντο
621 3385 675 3452 καὶ
698 3386 800 3472 κάρτα
823 3389 975 3471 λαμπροί.
1020 3397 1117 3454 τοῦτο

113 3490 173 3578 μὲν
196 3494 260 3578 γάρ
280 3488 443 3577 Ἀλκμέων
466 3492 489 3558 ὁ·
508 3491 700 3574 Μεγακλέος
716 3501 803 3557 τοῖσι
821 3491 857 3558 ἐκ
874 3494 1033 3576 Σαρδίων
1052 3499 1116 3560 Λυ-
