2678 3970
218 271 284 336 162
630 273 816 329 HERODOTI

163 431 198 480 42
217 417 326 480 ἔπειτα
353 414 372 482 ὁ
395 418 509 494 λοιπὸς
536 417 649 501 ὅμιλος
675 419 725 500 ῇιε
753 415 880 501 ἀναμίξ.
926 413 1069 480 ἐποιέετο
1097 410 1134 479 δέ
1156 413 1218 496 τὴν

218 519 299 585 ὁδὸν
322 522 357 586 ἐκ
379 532 436 606 τῇς
454 525 582 606 Λυδίης
603 522 621 588 δ
641 519 779 608 στρατὸς
802 521 857 588 ἐπί
871 545 907 586 τε
925 522 1074 605 ποταμὸν
1092 519 1219 584 Κάικον

216 624 272 691 καὶ
290 635 354 711 γῆν
370 630 432 711 τὴν
446 633 595 712 Μυσίην,
614 628 677 694 ἀπὸ
697 625 734 693 δὲ
747 631 875 692 Καΐκου
890 626 1089 712 ὁρμώμενος,
1105 627 1220 708 Κάνης

217 733 295 817 ὅρος
317 719 407 817 ἔχων
425 733 461 799 ἐν
480 735 645 818 ἀριστερῇ,
669 734 724 797 διά
741 741 802 798 τοῦ
817 730 989 816 Ἀταρνέος
1008 731 1041 808 ές
1058 733 1219 815 Καρήνην

217 840 325 904 πόλιν.
376 839 439 904 ἀπὸ
472 837 510 904 δὲ
531 841 651 921 ταύτης
678 840 733 903 διά
761 841 872 922 Θηβης
893 839 1010 902 πεδίου
1034 837 1219 921 ἐπορεύετο,

214 938 463 1030 Ἀτραμύττειόν
485 967 520 1009 τε
543 947 640 1009 πόλιν
658 942 930 1029 καλἈντανδρον
948 945 1010 1026 τὴν
1027 943 1220 1025 Πελασγίδα
1322 973 1323 982 ¹

217 1052 506 1135 παραμειβόμενος.
535 1050 596 1132 την
605 1048 700 1132 Ἴδην
715 1046 752 1114 δὲ
767 1050 878 1133 λαβὼν
892 1048 924 1124 ἐς
939 1047 1113 1132 ἀριστερὴν
1127 1057 1221 1130 χεῖρα

217 1156 268 1238 ῇιε
291 1156 324 1232 ές
345 1157 406 1239 τὴν
422 1150 543 1220 Ἰλιάδα
561 1164 633 1238 γῇν.
670 1153 725 1218 καὶ
747 1164 860 1239 πρῶτα
878 1152 938 1239 μέν
962 1154 996 1217 οί
1011 1153 1076 1218 ὑπὸ
1095 1161 1133 1237 τῇ
1147 1152 1221 1239 Ἴδη

217 1261 320 1325 νύκτα
352 1260 566 1344 ἀναμείναντι
598 1262 738 1342 βρονταί
766 1282 801 1324 τε
828 1257 882 1324 καὶ
913 1267 1096 1343 πρηστῆρες
1128 1257 1221 1324 ἐπεσ-

217 1369 373 1431 πίπτουσι
404 1369 461 1429 καί
490 1388 564 1429 τινα
596 1365 700 1429 αὐτοῦ
729 1365 831 1450 ταύτῃ
863 1365 987 1448 συχνὸν
1022 1364 1139 1446 ὅμιλον
1171 1367 1221 1429 δι-

166 1489 199 1535 43
219 1471 390 1556 έφθειραν.
435 1468 636 1554 ἀπικομένου
668 1466 705 1534 δὲ
736 1478 797 1534 τοῦ
823 1477 965 1555 στρατοῦ
993 1467 1046 1533 ἐπὶ
1072 1471 1222 1553 ποταμὸν

219 1577 452 1660 Σκάμανδρον,
476 1575 513 1652 ὃς
534 1587 663 1660 πρῶτος
685 1587 852 1660 ποταμῶν,
876 1575 980 1640 ἐπείτε
1003 1575 1039 1640 έιι
1061 1576 1221 1659 Σαρδίων

219 1681 421 1766 ὁρμηθέντες
449 1682 662 1767 ἐπεχείρησαν
684 1691 723 1767 τῇ
752 1682 834 1770 ὁδῷ,
863 1679 992 1747 ἐπέλιπε
1018 1683 1055 1746 τὸ
1079 1680 1222 1766 ῥέεθρον

220 1781 293 1852 οὐδ’
320 1786 481 1872 ἀπέχρησε
508 1797 547 1873 τῇ
571 1797 705 1874 στρατιῇ
727 1809 763 1852 τε
789 1785 844 1852 καλ
867 1797 952 1852 τοῖσι
974 1789 1106 1869 κτήνεσι
1128 1790 1221 1852 πινό-

219 1917 327 1978 μενος,
351 1891 404 1958 ἐπὶ
426 1901 545 1959 τοῦτον
569 1894 610 1977 δὴ
629 1895 688 1958 τὸν
706 1894 854 1977 ποταμὸν
874 1893 917 1968 ὡς
936 1891 1067 1957 ἀπίκετο
1086 1891 1220 1978 Ξέρξης,

219 1998 252 2075 ἐς
274 2001 311 2064 τὸ
335 2000 489 2084 Πριάμου
513 1998 692 2084 Πέργαμον
720 1997 821 2083 ἀνέβη
852 1998 966 2082 ἵμερον
993 2000 1076 2081 έχων
1098 2001 1221 2081 θεησα-

219 2110 309 2169 σθαι.
353 2106 560 2190 θεησάμενος
588 2102 624 2170 δέ
651 2103 705 2170 καλ
732 2085 922 2189 πυθόμενος
944 2103 1080 2169 ἐκείνων
1102 2103 1220 2170 ἕκαστα

219 2218 258 2292 τῇ
279 2205 439 2295 Ἀθηναίη
462 2219 500 2294 τῇ
521 2205 634 2275 Ἰλιάδι
657 2213 759 2275 ἔθυσε
781 2213 862 2293 βοῦς
884 2213 1004 2294 χιλίας,
1026 2211 1106 2293 χοάς
1129 2207 1167 2276 δέ
1189 2211 1224 2275 οί

219 2313 318 2396 μάγοι
344 2325 430 2378 τοῖσι
457 2295 562 2400 ῇρωσι
590 2315 731 2399 ἐχέαντο.
776 2325 878 2381 ταῦτα
906 2313 942 2381 δέ
969 2315 1220 2400 ποιησαμένοισι

219 2418 338 2492 νυκτὸς
360 2421 465 2500 φόβος
488 2420 521 2497 ἐς
542 2422 579 2485 τὸ
602 2423 825 2505 στρατόπεδον
849 2421 989 2487 ἐνέπεσε.
1029 2422 1095 2506 ἅμα
1117 2423 1221 2508 ἡμέρη

221 2519 258 2587 δέ
276 2521 449 2607 ἐπορεύετο
473 2524 640 2607 ἐνθεῦτεν,
664 2525 700 2590 ἐν
723 2525 876 2613 ἀριστερῇ
896 2524 955 2612 μέν
975 2526 1127 2612 ἀπέργων
1140 2525 1221 2594 Ῥοί-

219 2651 309 2694 τειον
334 2631 431 2693 πόλιν
454 2628 509 2694 καὶ
529 2625 724 2715 Ὀφρύνειον
751 2630 806 2696 καὶ
828 2633 1023 2718 Δάρδανον,
1053 2635 1074 2718 ἥ
1096 2656 1157 2720 περ
1180 2635 1221 2718 δη

219 2729 344 2821 Ἀβύδῳ
368 2735 511 2820 ἀμαυρός
534 2734 612 2818 ἐστι,
636 2734 672 2801 ἐν
696 2735 784 2821 δεξιῇ
807 2734 843 2802 δέ
862 2738 1027 2823 Γέργιθας
1048 2743 1221 2826 Τευκρούς.

169 2859 203 2907 44
305 2836 391 2907 Ἐπεὶ
415 2835 446 2905 δ’
472 2839 600 2924 ἐγένετο
624 2840 661 2907 ἐν
680 2836 822 2931 Ἀβύδῳ,
846 2843 989 2928 ἠθέλησε
1012 2844 1135 2929 Ξέρξης
1157 2845 1222 2911 ἰδέ-

222 2955 304 3014 σθαι
330 2948 436 3013 πάντα
463 2948 522 3013 τὸν
550 2951 700 3032 στρατόν.
744 2947 799 3014 καὶ
823 2954 1060 3036 προεπεποίητο
1083 2953 1146 3035 γάρ
1169 2951 1223 3018 ἐπὶ
1322 2937 1325 2951 ⁴

220 3059 372 3118 κολωνοῦ
392 3052 541 3137 ἐπίτηδες
559 3054 646 3141 αὐτῷ
665 3055 767 3139 ταύτη
785 3054 964 3140 προεξέδρη
983 3059 1084 3121 λίθου
1102 3061 1223 3122 λευκοῦ

222 3156 395 3242 (ἐποίησαν
422 3156 459 3224 δὲ
483 3153 660 3242 Ἀβυδηνοὶ
687 3159 916 3244 ἐντειλαμένου
940 3163 1103 3246 πρότερον
1129 3165 1220 3246 βασι-

221 3261 324 3348 λέος),
358 3263 504 3328 ἐνθαῦτα
535 3263 579 3341 ὡς
610 3265 707 3348 ἵζετο,
741 3265 907 3351 κατορέων
938 3264 990 3332 ἐπὶ
1021 3275 1079 3350 τῇς
1109 3267 1223 3350 ἠιόνος

222 3367 353 3450 ἐθηεῖτο
384 3367 439 3432 καὶ
470 3371 529 3435 τὸν
560 3372 657 3448 πεζὸν
687 3369 741 3436 καὶ
768 3372 824 3446 τὰς
851 3370 940 3454 νέας,
971 3372 1158 3456 θηεύμενος
1184 3370 1223 3438 δὲ

222 3471 342 3558 ἱμέρθη
365 3484 432 3538 τῶν
454 3485 541 3539 νεῶν
563 3475 704 3559 ἅμιλλαν
721 3475 902 3561 γινομένην
921 3475 1060 3543 ἰδέσθαι.
1097 3477 1166 3542 ἐπεὶ
1184 3475 1222 3544 δέ
