<?xml version="1.0" encoding="UTF-8"?>
<!DOCTYPE html PUBLIC "-//W3C//DTD XHTML 1.0 Transitional//EN"
    "http://www.w3.org/TR/xhtml1/DTD/xhtml1-transitional.dtd">
<html xmlns="http://www.w3.org/1999/xhtml" xml:lang="en" lang="en">
 <head>
  <title>
</title>
<meta http-equiv="Content-Type" content="text/html;charset=utf-8" />
  <meta name='ocr-system' content='tesseract 3.04.00' />
  <meta name='ocr-capabilities' content='ocr_page ocr_carea ocr_par ocr_line ocrx_word'/>
</head>
<body>
  <div class='ocr_page' id='page_1' title='image "./herodotihistori07herogoog_0425.png"; bbox 0 0 2632 3970; ppageno 0'>
   <div class='ocr_carea' id='block_1_1' title="bbox 219 243 819 308">
    <p class='ocr_par' dir='ltr' id='par_1_1' title="bbox 219 243 819 308">
     <span class='ocr_line' id='line_1_1' title="bbox 219 243 819 308; baseline -0.002 -9"><span class='ocrx_word' id='word_1_1' title='bbox 219 243 284 308; x_wconf 82' lang='lat'><strong><em>368</em></strong></span> <span class='ocrx_word' id='word_1_2' title='bbox 631 243 819 300; x_wconf 83' lang='lat' dir='ltr'>HERODOTI</span> 
     </span>
    </p>
   </div>
   <div class='ocr_carea' id='block_1_2' title="bbox 164 386 1298 3537">
    <p class='ocr_par' dir='ltr' id='par_1_2' title="bbox 218 386 1224 685">
     <span class='ocr_line' id='line_1_2' title="bbox 218 386 1224 473; baseline 0.002 -21"><span class='ocrx_word' id='word_1_3' title='bbox 218 387 338 471; x_wconf 79' lang='grc' dir='ltr'><strong><em>τάφος,</em></strong></span> <span class='ocrx_word' id='word_1_4' title='bbox 368 389 426 453; x_wconf 87' lang='grc' dir='ltr'><strong><em>τὸν</em></strong></span> <span class='ocrx_word' id='word_1_5' title='bbox 454 387 517 472; x_wconf 80' lang='grc' dir='ltr'><strong><em>ἐγὼ</em></strong></span> <span class='ocrx_word' id='word_1_6' title='bbox 540 388 650 454; x_wconf 82' lang='grc' dir='ltr'><strong><em>ἀκούω</em></strong></span> <span class='ocrx_word' id='word_1_7' title='bbox 676 386 731 452; x_wconf 79' lang='grc' dir='ltr'><strong><em>καὶ</em></strong></span> <span class='ocrx_word' id='word_1_8' title='bbox 759 388 837 454; x_wconf 85' lang='grc' dir='ltr'><strong><em>δέκα</em></strong></span> <span class='ocrx_word' id='word_1_9' title='bbox 865 391 951 454; x_wconf 83' lang='grc' dir='ltr'><strong><em>ἐτεσι</em></strong></span> <span class='ocrx_word' id='word_1_10' title='bbox 978 388 1120 473; x_wconf 79' lang='grc' dir='ltr'><strong><em>ὕστερον</em></strong></span> <span class='ocrx_word' id='word_1_11' title='bbox 1143 392 1224 473; x_wconf 80' lang='grc' dir='ltr'><strong><em>μετὰ</em></strong></span> 
     </span>
     <span class='ocr_line' id='line_1_3' title="bbox 218 493 1223 579; baseline 0.002 -21"><span class='ocrx_word' id='word_1_12' title='bbox 218 501 321 558; x_wconf 88' lang='grc' dir='ltr'><strong><em>ταῦτα</em></strong></span> <span class='ocrx_word' id='word_1_13' title='bbox 336 493 526 576; x_wconf 78' lang='grc' dir='ltr'><strong><em>δεηθέντων</em></strong></span> <span class='ocrx_word' id='word_1_14' title='bbox 536 493 742 578; x_wconf 76' lang='grc' dir='ltr'><strong><em>Αἰγινητέων</em></strong></span> <span class='ocrx_word' id='word_1_15' title='bbox 756 505 859 579; x_wconf 81' lang='grc' dir='ltr'><em>χῶσαι</em></span> <span class='ocrx_word' id='word_1_16' title='bbox 873 495 1026 578; x_wconf 77' lang='grc' dir='ltr'><strong><em>Κλεάδην</em></strong></span> <span class='ocrx_word' id='word_1_17' title='bbox 1040 495 1100 560; x_wconf 89' lang='grc' dir='ltr'><strong><em>τὸν</em></strong></span> <span class='ocrx_word' id='word_1_18' title='bbox 1114 495 1223 560; x_wconf 81' lang='grc' dir='ltr'><strong><em>Αὐτο-</em></strong></span> 
     </span>
     <span class='ocr_line' id='line_1_4' title="bbox 220 599 1110 685; baseline 0.002 -23"><span class='ocrx_word' id='word_1_19' title='bbox 220 600 317 664; x_wconf 91' lang='grc' dir='ltr'><strong><em>δίκου</em></strong></span> <span class='ocrx_word' id='word_1_20' title='bbox 340 601 446 683; x_wconf 75' lang='grc' dir='ltr'><strong><em>ἄνδρα</em></strong></span> <span class='ocrx_word' id='word_1_21' title='bbox 470 599 650 682; x_wconf 81' lang='grc' dir='ltr'><strong><em>Πλαταιέα,</em></strong></span> <span class='ocrx_word' id='word_1_22' title='bbox 673 599 849 685; x_wconf 87' lang='grc' dir='ltr'><strong><em>πρόξεινον</em></strong></span> <span class='ocrx_word' id='word_1_23' title='bbox 872 600 969 666; x_wconf 89' lang='grc' dir='ltr'><strong><em>ἐόντα</em></strong></span> <span class='ocrx_word' id='word_1_24' title='bbox 992 599 1110 665; x_wconf 82' lang='grc' dir='ltr'><strong><em>αὐτῶν.</em></strong></span> 
     </span>
    </p>

    <p class='ocr_par' dir='ltr' id='par_1_3' title="bbox 164 701 1298 1742">
     <span class='ocr_line' id='line_1_5' title="bbox 164 701 1223 792; baseline -0.001 -20"><span class='ocrx_word' id='word_1_25' title='bbox 164 720 201 772; x_wconf 78' lang='lat'><strong><em>86</em></strong></span> <span class='ocrx_word' id='word_1_26' title='bbox 304 702 359 783; x_wconf 80' lang='grc' dir='ltr'><strong><em>Ὡς</em></strong></span> <span class='ocrx_word' id='word_1_27' title='bbox 391 701 422 770; x_wconf 89' lang='grc' dir='ltr'><strong><em>δ’</em></strong></span> <span class='ocrx_word' id='word_1_28' title='bbox 452 707 515 791; x_wconf 80' lang='grc' dir='ltr'><strong><em>ἄρα</em></strong></span> <span class='ocrx_word' id='word_1_29' title='bbox 542 708 674 783; x_wconf 81' lang='grc' dir='ltr'><strong><em>ἔθαψαν</em></strong></span> <span class='ocrx_word' id='word_1_30' title='bbox 699 708 779 782; x_wconf 86' lang='grc' dir='ltr'><strong><em>τοὺς</em></strong></span> <span class='ocrx_word' id='word_1_31' title='bbox 804 709 944 791; x_wconf 83' lang='grc' dir='ltr'><strong><em>νεκροὺς</em></strong></span> <span class='ocrx_word' id='word_1_32' title='bbox 970 707 1007 771; x_wconf 94' lang='grc' dir='ltr'><strong><em>ἐν</em></strong></span> <span class='ocrx_word' id='word_1_33' title='bbox 1036 710 1223 792; x_wconf 79' lang='grc' dir='ltr'><strong><em>Πλαταιῇσι</em></strong></span> 
     </span>
     <span class='ocr_line' id='line_1_6' title="bbox 220 809 1222 899; baseline 0.001 -23"><span class='ocrx_word' id='word_1_34' title='bbox 220 812 256 876; x_wconf 88' lang='grc' dir='ltr'><strong><em>οί</em></strong></span> <span class='ocrx_word' id='word_1_35' title='bbox 271 810 442 895; x_wconf 88' lang='grc' dir='ltr'><strong><em>Ἕλληνες,</em></strong></span> <span class='ocrx_word' id='word_1_36' title='bbox 471 811 587 877; x_wconf 85' lang='grc' dir='ltr'><strong><em>αὐτίκα</em></strong></span> <span class='ocrx_word' id='word_1_37' title='bbox 614 809 890 896; x_wconf 88' lang='grc' dir='ltr'><strong><em>βουλευομένοισί</em></strong></span> <span class='ocrx_word' id='word_1_38' title='bbox 909 828 969 896; x_wconf 93' lang='grc' dir='ltr'><strong><em>σφι</em></strong></span> <span class='ocrx_word' id='word_1_39' title='bbox 992 811 1101 878; x_wconf 89' lang='grc' dir='ltr'><strong><em>ἐδόκεε</em></strong></span> <span class='ocrx_word' id='word_1_40' title='bbox 1125 829 1222 899; x_wconf 87' lang='grc' dir='ltr'><strong><em>στρα-</em></strong></span> 
     </span>
     <span class='ocr_line' id='line_1_7' title="bbox 218 915 1222 1002; baseline -0.002 -18"><span class='ocrx_word' id='word_1_41' title='bbox 218 919 377 984; x_wconf 85' lang='grc' dir='ltr'><strong><em>τεύεσθαι</em></strong></span> <span class='ocrx_word' id='word_1_42' title='bbox 400 915 452 984; x_wconf 82' lang='grc' dir='ltr'><strong><em>ἐπὶ</em></strong></span> <span class='ocrx_word' id='word_1_43' title='bbox 474 919 532 994; x_wconf 88' lang='grc' dir='ltr'><strong><em>τδις</em></strong></span> <span class='ocrx_word' id='word_1_44' title='bbox 550 920 661 1000; x_wconf 81' lang='grc' dir='ltr'><strong><em>Θήβας</em></strong></span> <span class='ocrx_word' id='word_1_45' title='bbox 682 915 737 982; x_wconf 81' lang='grc' dir='ltr'><strong><em>καὶ</em></strong></span> <span class='ocrx_word' id='word_1_46' title='bbox 760 915 914 996; x_wconf 77' lang='grc' dir='ltr'><strong><em>ἐξαιτέειν</em></strong></span> <span class='ocrx_word' id='word_1_47' title='bbox 933 917 1043 982; x_wconf 85' lang='grc' dir='ltr'><strong><em>αὐτῶν</em></strong></span> <span class='ocrx_word' id='word_1_48' title='bbox 1061 920 1140 994; x_wconf 84' lang='grc' dir='ltr'><strong><em>τοὺς</em></strong></span> <span class='ocrx_word' id='word_1_49' title='bbox 1162 943 1222 1002; x_wconf 90' lang='grc' dir='ltr'><strong><em>μη-</em></strong></span> 
     </span>
     <span class='ocr_line' id='line_1_8' title="bbox 220 1019 1219 1109; baseline 0 -21"><span class='ocrx_word' id='word_1_50' title='bbox 220 1024 386 1105; x_wconf 86' lang='grc' dir='ltr'><strong><em>δίσαντας,</em></strong></span> <span class='ocrx_word' id='word_1_51' title='bbox 405 1022 442 1088; x_wconf 87' lang='grc' dir='ltr'><strong><em>ἐν</em></strong></span> <span class='ocrx_word' id='word_1_52' title='bbox 460 1024 619 1109; x_wconf 82' lang='grc' dir='ltr'><strong><em>πρώτοισι</em></strong></span> <span class='ocrx_word' id='word_1_53' title='bbox 633 1020 671 1087; x_wconf 79' lang='grc' dir='ltr'><strong><em>δέ</em></strong></span> <span class='ocrx_word' id='word_1_54' title='bbox 685 1023 794 1087; x_wconf 84' lang='grc' dir='ltr'><strong><em>αὐτῶν</em></strong></span> <span class='ocrx_word' id='word_1_55' title='bbox 812 1024 1034 1107; x_wconf 73' lang='grc' dir='ltr'><strong><em>Τιμηγενίδην</em></strong></span> <span class='ocrx_word' id='word_1_56' title='bbox 1047 1021 1102 1088; x_wconf 88' lang='grc' dir='ltr'><strong><em>καί</em></strong></span> <span class='ocrx_word' id='word_1_57' title='bbox 1113 1019 1219 1088; x_wconf 84' lang='grc' dir='ltr'><strong><em>Ἀττα-</em></strong></span> 
     </span>
     <span class='ocr_line' id='line_1_9' title="bbox 218 1124 1222 1214; baseline 0.001 -21"><span class='ocrx_word' id='word_1_58' title='bbox 218 1139 331 1212; x_wconf 78' lang='grc' dir='ltr'><strong><em>γίνου,</em></strong></span> <span class='ocrx_word' id='word_1_59' title='bbox 364 1131 399 1194; x_wconf 79' lang='grc' dir='ltr'><strong><em>οἳ</em></strong></span> <span class='ocrx_word' id='word_1_60' title='bbox 427 1128 603 1214; x_wconf 79' lang='grc' dir='ltr'><strong><em>ἀρχηγέται</em></strong></span> <span class='ocrx_word' id='word_1_61' title='bbox 634 1129 697 1193; x_wconf 82' lang='grc' dir='ltr'><strong><em>ἀνδι</em></strong></span> <span class='ocrx_word' id='word_1_62' title='bbox 727 1129 879 1214; x_wconf 79' lang='grc' dir='ltr'><strong><em>πρώτους</em></strong></span> <span class='ocrx_word' id='word_1_63' title='bbox 909 1124 1008 1212; x_wconf 89' lang='grc' dir='ltr'><strong><em>ἡσαν·</em></strong></span> <span class='ocrx_word' id='word_1_64' title='bbox 1038 1129 1081 1212; x_wconf 84' lang='grc' dir='ltr'><strong><em>ἡν</em></strong></span> <span class='ocrx_word' id='word_1_65' title='bbox 1113 1125 1150 1194; x_wconf 73' lang='grc' dir='ltr'><strong><em>δέ</em></strong></span> <span class='ocrx_word' id='word_1_66' title='bbox 1177 1132 1222 1214; x_wconf 87' lang='grc' dir='ltr'><strong><em>μή</em></strong></span> 
     </span>
     <span class='ocr_line' id='line_1_10' title="bbox 218 1234 1221 1321; baseline 0 -21"><span class='ocrx_word' id='word_1_67' title='bbox 218 1234 388 1316; x_wconf 80' lang='grc' dir='ltr'><strong><em>ἐκδιδῶσι,</em></strong></span> <span class='ocrx_word' id='word_1_68' title='bbox 417 1236 460 1318; x_wconf 84' lang='grc' dir='ltr'><strong><em>μή</em></strong></span> <span class='ocrx_word' id='word_1_69' title='bbox 489 1234 734 1301; x_wconf 78' lang='grc' dir='ltr'><strong><em>ἀπανίστασθαι</em></strong></span> <span class='ocrx_word' id='word_1_70' title='bbox 757 1234 821 1299; x_wconf 80' lang='grc' dir='ltr'><strong><em>ἀπὸ</em></strong></span> <span class='ocrx_word' id='word_1_71' title='bbox 843 1243 901 1318; x_wconf 80' lang='grc' dir='ltr'><strong><em>τῆς</em></strong></span> <span class='ocrx_word' id='word_1_72' title='bbox 923 1237 1036 1311; x_wconf 88' lang='grc' dir='ltr'><strong><em>πόλιος</em></strong></span> <span class='ocrx_word' id='word_1_73' title='bbox 1057 1237 1221 1321; x_wconf 91' lang='grc' dir='ltr'><strong><em>πρότερον</em></strong></span> 
     </span>
     <span class='ocr_line' id='line_1_11' title="bbox 217 1337 1298 1426; baseline 0.001 -21"><span class='ocrx_word' id='word_1_74' title='bbox 217 1337 239 1423; x_wconf 86' lang='grc' dir='ltr'><strong><em>ἡ</em></strong></span> <span class='ocrx_word' id='word_1_75' title='bbox 263 1339 403 1417; x_wconf 79' lang='grc' dir='ltr'><strong><em>ἐξέλωσι.</em></strong></span> <span class='ocrx_word' id='word_1_76' title='bbox 441 1341 485 1416; x_wconf 81' lang='grc' dir='ltr'><strong><em>ὡς</em></strong></span> <span class='ocrx_word' id='word_1_77' title='bbox 508 1338 548 1406; x_wconf 91' lang='grc' dir='ltr'><strong><em>δέ</em></strong></span> <span class='ocrx_word' id='word_1_78' title='bbox 567 1357 628 1424; x_wconf 90' lang='grc' dir='ltr'><strong><em>σφι</em></strong></span> <span class='ocrx_word' id='word_1_79' title='bbox 649 1349 753 1405; x_wconf 88' lang='grc' dir='ltr'><strong><em>ταῦτα</em></strong></span> <span class='ocrx_word' id='word_1_80' title='bbox 776 1339 878 1422; x_wconf 78' lang='grc' dir='ltr'><strong><em>ἔδοξε,</em></strong></span> <span class='ocrx_word' id='word_1_81' title='bbox 898 1340 984 1405; x_wconf 80' lang='grc' dir='ltr'><strong><em>οὕτω</em></strong></span> <span class='ocrx_word' id='word_1_82' title='bbox 1003 1341 1045 1423; x_wconf 90' lang='grc' dir='ltr'><strong><em>δὴ</em></strong></span> <span class='ocrx_word' id='word_1_83' title='bbox 1064 1338 1221 1426; x_wconf 82' lang='grc' dir='ltr'><strong><em>ἕνδειαίτη</em></strong></span> <span class='ocrx_word' id='word_1_84' title='bbox 1297 1405 1298 1412; x_wconf 69' lang='grc'><strong><em>,</em></strong></span> 
     </span>
     <span class='ocr_line' id='line_1_12' title="bbox 217 1444 1220 1532; baseline 0.002 -22"><span class='ocrx_word' id='word_1_85' title='bbox 217 1444 322 1531; x_wconf 85' lang='grc' dir='ltr'><strong><em>ἡμέρη</em></strong></span> <span class='ocrx_word' id='word_1_86' title='bbox 346 1446 409 1511; x_wconf 85' lang='grc' dir='ltr'><strong><em>ἀπὸ</em></strong></span> <span class='ocrx_word' id='word_1_87' title='bbox 436 1455 493 1529; x_wconf 80' lang='grc' dir='ltr'><strong><em>τῆς</em></strong></span> <span class='ocrx_word' id='word_1_88' title='bbox 516 1450 683 1530; x_wconf 80' lang='grc' dir='ltr'><strong><em>συμβολῆς</em></strong></span> <span class='ocrx_word' id='word_1_89' title='bbox 706 1446 898 1531; x_wconf 76' lang='grc' dir='ltr'><strong><em>ἀπικόμενοι</em></strong></span> <span class='ocrx_word' id='word_1_90' title='bbox 921 1445 1133 1532; x_wconf 83' lang='grc' dir='ltr'><strong><em>ἐπολιόρκεον</em></strong></span> <span class='ocrx_word' id='word_1_91' title='bbox 1154 1451 1220 1530; x_wconf 80' lang='grc' dir='ltr'><strong><em>Θη-</em></strong></span> 
     </span>
     <span class='ocr_line' id='line_1_13' title="bbox 217 1551 1221 1637; baseline 0.003 -22"><span class='ocrx_word' id='word_1_92' title='bbox 217 1551 345 1636; x_wconf 89' lang='grc' dir='ltr'><strong><em>βαίους,</em></strong></span> <span class='ocrx_word' id='word_1_93' title='bbox 368 1553 557 1627; x_wconf 86' lang='grc' dir='ltr'><strong><em>κελεύοντες</em></strong></span> <span class='ocrx_word' id='word_1_94' title='bbox 579 1551 747 1617; x_wconf 91' lang='grc' dir='ltr'><strong><em>ἐκδιδόναι</em></strong></span> <span class='ocrx_word' id='word_1_95' title='bbox 769 1555 848 1629; x_wconf 87' lang='grc' dir='ltr'><strong><em>τοὺς</em></strong></span> <span class='ocrx_word' id='word_1_96' title='bbox 869 1553 1006 1637; x_wconf 74' lang='grc' dir='ltr'><strong><em>ἄνδρας·</em></strong></span> <span class='ocrx_word' id='word_1_97' title='bbox 1038 1551 1079 1618; x_wconf 88' lang='grc' dir='ltr'><strong><em>οὐ</em></strong></span> <span class='ocrx_word' id='word_1_98' title='bbox 1101 1555 1221 1636; x_wconf 88' lang='grc' dir='ltr'><strong><em>βουλο-</em></strong></span> 
     </span>
     <span class='ocr_line' id='line_1_14' title="bbox 218 1653 1221 1742; baseline 0.002 -20"><span class='ocrx_word' id='word_1_99' title='bbox 218 1654 329 1742; x_wconf 84' lang='grc' dir='ltr'><strong><em>μένων</em></strong></span> <span class='ocrx_word' id='word_1_100' title='bbox 356 1653 393 1721; x_wconf 77' lang='grc' dir='ltr'><strong><em>δέ</em></strong></span> <span class='ocrx_word' id='word_1_101' title='bbox 419 1668 486 1722; x_wconf 83' lang='grc' dir='ltr'><strong><em>τῶν</em></strong></span> <span class='ocrx_word' id='word_1_102' title='bbox 510 1660 666 1740; x_wconf 82' lang='grc' dir='ltr'><strong><em>Θηβαίων</em></strong></span> <span class='ocrx_word' id='word_1_103' title='bbox 689 1657 857 1723; x_wconf 89' lang='grc' dir='ltr'><strong><em>ἐκδιδόναι</em></strong></span> <span class='ocrx_word' id='word_1_104' title='bbox 883 1659 945 1740; x_wconf 90' lang='grc' dir='ltr'><strong><em>τήν</em></strong></span> <span class='ocrx_word' id='word_1_105' title='bbox 966 1681 1001 1722; x_wconf 88' lang='grc' dir='ltr'><strong><em>τε</em></strong></span> <span class='ocrx_word' id='word_1_106' title='bbox 1023 1667 1087 1741; x_wconf 83' lang='grc' dir='ltr'><strong><em>γῆν</em></strong></span> <span class='ocrx_word' id='word_1_107' title='bbox 1109 1659 1221 1724; x_wconf 82' lang='grc' dir='ltr'><strong><em>αὐτῶν</em></strong></span> 
     </span>
    </p>

    <p class='ocr_par' dir='ltr' id='par_1_4' title="bbox 165 1761 1298 3116">
     <span class='ocr_line' id='line_1_15' title="bbox 165 1761 1221 1850; baseline -0.001 -19"><span class='ocrx_word' id='word_1_108' title='bbox 165 1781 199 1831; x_wconf 78' lang='grc'><strong><em>87</em></strong></span> <span class='ocrx_word' id='word_1_109' title='bbox 219 1765 361 1848; x_wconf 82' lang='grc' dir='ltr'><strong><em>ἔταμνον</em></strong></span> <span class='ocrx_word' id='word_1_110' title='bbox 383 1761 439 1829; x_wconf 83' lang='grc' dir='ltr'><strong><em>καὶ</em></strong></span> <span class='ocrx_word' id='word_1_111' title='bbox 461 1762 688 1848; x_wconf 79' lang='grc' dir='ltr'><strong><em>προσέβαλλον</em></strong></span> <span class='ocrx_word' id='word_1_112' title='bbox 711 1763 792 1848; x_wconf 88' lang='grc' dir='ltr'><strong><em>πρὸς</em></strong></span> <span class='ocrx_word' id='word_1_113' title='bbox 814 1764 852 1826; x_wconf 88' lang='grc' dir='ltr'><strong><em>τὸ</em></strong></span> <span class='ocrx_word' id='word_1_114' title='bbox 875 1773 989 1847; x_wconf 83' lang='grc' dir='ltr'><strong><em>τεῖχος.</em></strong></span> <span class='ocrx_word' id='word_1_115' title='bbox 1024 1762 1080 1829; x_wconf 79' lang='grc' dir='ltr'><strong><em>καὶ</em></strong></span> <span class='ocrx_word' id='word_1_116' title='bbox 1098 1764 1221 1850; x_wconf 82' lang='grc' dir='ltr'><strong><em>οὐγὰρ</em></strong></span> 
     </span>
     <span class='ocr_line' id='line_1_16' title="bbox 218 1866 1221 1955; baseline 0.003 -23"><span class='ocrx_word' id='word_1_117' title='bbox 218 1867 380 1944; x_wconf 85' lang='grc' dir='ltr'><strong><em>ἐπαύοντο</em></strong></span> <span class='ocrx_word' id='word_1_118' title='bbox 414 1871 597 1953; x_wconf 87' lang='grc' dir='ltr'><strong><em>σινόμενοι,</em></strong></span> <span class='ocrx_word' id='word_1_119' title='bbox 630 1870 759 1953; x_wconf 75' lang='grc' dir='ltr'><strong><em>εἰκοστῇ</em></strong></span> <span class='ocrx_word' id='word_1_120' title='bbox 790 1866 894 1954; x_wconf 80' lang='grc' dir='ltr'><strong><em>ἡμέρη</em></strong></span> <span class='ocrx_word' id='word_1_121' title='bbox 927 1868 1014 1947; x_wconf 83' lang='grc' dir='ltr'><strong><em>ἔλεξε</em></strong></span> <span class='ocrx_word' id='word_1_122' title='bbox 1040 1881 1126 1934; x_wconf 83' lang='grc' dir='ltr'><strong><em>τοῖσι</em></strong></span> <span class='ocrx_word' id='word_1_123' title='bbox 1156 1875 1221 1955; x_wconf 82' lang='grc' dir='ltr'><strong><em>Θη-</em></strong></span> 
     </span>
     <span class='ocr_line' id='line_1_17' title="bbox 217 1907 1298 2060; baseline 0.003 -22"><span class='ocrx_word' id='word_1_124' title='bbox 217 1977 342 2058; x_wconf 88' lang='grc' dir='ltr'><strong><em>βαίοισι</em></strong></span> <span class='ocrx_word' id='word_1_125' title='bbox 379 1976 596 2059; x_wconf 80' lang='grc' dir='ltr'><strong><em>Τιμηγενίδης</em></strong></span> <span class='ocrx_word' id='word_1_126' title='bbox 626 1974 718 2038; x_wconf 78' lang='grc' dir='ltr'><strong><em>τάδε·</em></strong></span> <span class='ocrx_word' id='word_1_127' title='bbox 744 1972 883 2056; x_wconf 83' lang='grc' dir='ltr'><strong><em>’Ἀνδρες</em></strong></span> <span class='ocrx_word' id='word_1_128' title='bbox 915 1978 1069 2058; x_wconf 82' lang='grc' dir='ltr'><strong><em>Θηβαῖοι,</em></strong></span> <span class='ocrx_word' id='word_1_129' title='bbox 1106 1975 1221 2060; x_wconf 86' lang='grc' dir='ltr'><strong><em>ἐπειδή</em></strong></span> <span class='ocrx_word' id='word_1_130' title='bbox 1295 1907 1298 2050; x_wconf 68' lang='grc' dir='ltr'><strong><em>ἡ</em></strong></span> 
     </span>
     <span class='ocr_line' id='line_1_18' title="bbox 218 2077 1222 2164; baseline 0.004 -20"><span class='ocrx_word' id='word_1_131' title='bbox 218 2080 305 2144; x_wconf 81' lang='grc' dir='ltr'><strong><em>οὕτω</em></strong></span> <span class='ocrx_word' id='word_1_132' title='bbox 342 2078 493 2145; x_wconf 89' lang='grc' dir='ltr'><strong><em>δέδοκται</em></strong></span> <span class='ocrx_word' id='word_1_133' title='bbox 527 2091 614 2144; x_wconf 75' lang='grc' dir='ltr'><strong><em>τοῖσι</em></strong></span> <span class='ocrx_word' id='word_1_134' title='bbox 642 2077 792 2162; x_wconf 86' lang='grc' dir='ltr'><strong><em>Ἕλλησι,</em></strong></span> <span class='ocrx_word' id='word_1_135' title='bbox 826 2080 870 2162; x_wconf 89' lang='grc' dir='ltr'><strong><em>μὴ</em></strong></span> <span class='ocrx_word' id='word_1_136' title='bbox 902 2082 1065 2164; x_wconf 89' lang='grc' dir='ltr'><strong><em>πρότερον</em></strong></span> <span class='ocrx_word' id='word_1_137' title='bbox 1096 2080 1222 2148; x_wconf 76' lang='grc' dir='ltr'><strong><em>ἀπανα-</em></strong></span> 
     </span>
     <span class='ocr_line' id='line_1_19' title="bbox 218 2184 1297 2294; baseline 0.006 -46"><span class='ocrx_word' id='word_1_138' title='bbox 218 2195 335 2268; x_wconf 79' lang='grc' dir='ltr'><strong><em>στῆναι</em></strong></span> <span class='ocrx_word' id='word_1_139' title='bbox 353 2186 607 2271; x_wconf 85' lang='grc' dir='ltr'><strong><em>πολιορκέοντας</em></strong></span> <span class='ocrx_word' id='word_1_140' title='bbox 624 2184 645 2268; x_wconf 88' lang='grc' dir='ltr'><strong><em>ἡ</em></strong></span> <span class='ocrx_word' id='word_1_141' title='bbox 663 2184 794 2262; x_wconf 85' lang='grc' dir='ltr'><strong><em>ἐξέλωσι</em></strong></span> <span class='ocrx_word' id='word_1_142' title='bbox 809 2187 920 2268; x_wconf 80' lang='grc' dir='ltr'><strong><em>Θήβας</em></strong></span> <span class='ocrx_word' id='word_1_143' title='bbox 936 2185 958 2270; x_wconf 84' lang='grc' dir='ltr'><strong><em>ἡ</em></strong></span> <span class='ocrx_word' id='word_1_144' title='bbox 976 2186 1077 2271; x_wconf 90' lang='grc' dir='ltr'><strong><em>ἡμέας</em></strong></span> <span class='ocrx_word' id='word_1_145' title='bbox 1090 2187 1222 2254; x_wconf 73' lang='grc' dir='ltr'><strong><em>αὐτοῖσι</em></strong></span> <span class='ocrx_word' id='word_1_146' title='bbox 1296 2207 1297 2294; x_wconf 69' lang='grc' dir='ltr'><strong><em>ή</em></strong></span> 
     </span>
     <span class='ocr_line' id='line_1_20' title="bbox 216 2287 1220 2376; baseline 0.004 -22"><span class='ocrx_word' id='word_1_147' title='bbox 216 2291 405 2373; x_wconf 81' lang='grc' dir='ltr'><strong><em>παραδῶτε,</em></strong></span> <span class='ocrx_word' id='word_1_148' title='bbox 433 2301 497 2355; x_wconf 85' lang='grc' dir='ltr'><strong><em>νῦν</em></strong></span> <span class='ocrx_word' id='word_1_149' title='bbox 525 2287 572 2355; x_wconf 83' lang='grc' dir='ltr'><strong><em>ὧν</em></strong></span> <span class='ocrx_word' id='word_1_150' title='bbox 594 2289 705 2375; x_wconf 89' lang='grc' dir='ltr'><strong><em>ἡμέων</em></strong></span> <span class='ocrx_word' id='word_1_151' title='bbox 728 2291 836 2355; x_wconf 79' lang='grc' dir='ltr'><strong><em>εἵνεκα</em></strong></span> <span class='ocrx_word' id='word_1_152' title='bbox 858 2299 899 2374; x_wconf 81' lang='grc' dir='ltr'><strong><em>γῆ</em></strong></span> <span class='ocrx_word' id='word_1_153' title='bbox 923 2291 944 2374; x_wconf 91' lang='grc' dir='ltr'><strong><em>ἡ</em></strong></span> <span class='ocrx_word' id='word_1_154' title='bbox 967 2296 1108 2376; x_wconf 88' lang='grc' dir='ltr'><strong><em>Βοιωτίη</em></strong></span> <span class='ocrx_word' id='word_1_155' title='bbox 1132 2293 1220 2358; x_wconf 89' lang='grc' dir='ltr'><strong><em>πλέω</em></strong></span> 
     </span>
     <span class='ocr_line' id='line_1_21' title="bbox 217 2381 1296 2482; baseline 0.006 -25"><span class='ocrx_word' id='word_1_156' title='bbox 217 2395 261 2478; x_wconf 90' lang='grc' dir='ltr'><strong><em>μὴ</em></strong></span> <span class='ocrx_word' id='word_1_157' title='bbox 285 2393 472 2480; x_wconf 76' lang='grc' dir='ltr'><strong><em>ἀναπλήσῃ,</em></strong></span> <span class='ocrx_word' id='word_1_158' title='bbox 500 2393 571 2459; x_wconf 84' lang='grc' dir='ltr'><strong><em>ἀλλ’</em></strong></span> <span class='ocrx_word' id='word_1_159' title='bbox 602 2397 633 2460; x_wconf 92' lang='grc' dir='ltr'><strong><em>εἰ</em></strong></span> <span class='ocrx_word' id='word_1_160' title='bbox 653 2392 713 2480; x_wconf 72' lang='grc' dir='ltr'><strong><em>μέν</em></strong></span> <span class='ocrx_word' id='word_1_161' title='bbox 736 2395 910 2480; x_wconf 78' lang='grc' dir='ltr'><strong><em>χρημάτων</em></strong></span> <span class='ocrx_word' id='word_1_162' title='bbox 932 2400 1118 2481; x_wconf 84' lang='grc' dir='ltr'><strong><em>χρηίζοντες</em></strong></span> <span class='ocrx_word' id='word_1_163' title='bbox 1140 2403 1220 2482; x_wconf 82' lang='grc' dir='ltr'><strong><em>πρό·</em></strong></span> <span class='ocrx_word' id='word_1_164' title='bbox 1295 2381 1296 2440; x_wconf 52' lang='grc' dir='ltr'><strong>Ᾰ</strong></span> 
     </span>
     <span class='ocr_line' id='line_1_22' title="bbox 217 2498 1219 2587; baseline 0.004 -22"><span class='ocrx_word' id='word_1_165' title='bbox 217 2517 325 2585; x_wconf 84' lang='grc' dir='ltr'><strong><em>σχημα</em></strong></span> <span class='ocrx_word' id='word_1_166' title='bbox 352 2498 451 2584; x_wconf 89' lang='grc' dir='ltr'><strong><em>ἡμέας</em></strong></span> <span class='ocrx_word' id='word_1_167' title='bbox 474 2499 686 2583; x_wconf 85' lang='grc' dir='ltr'><strong><em>ἐξαιτέονται,</em></strong></span> <span class='ocrx_word' id='word_1_168' title='bbox 714 2501 863 2586; x_wconf 77' lang='grc' dir='ltr'><strong><em>χρήματά</em></strong></span> <span class='ocrx_word' id='word_1_169' title='bbox 885 2517 946 2584; x_wconf 92' lang='grc' dir='ltr'><strong><em>σφι</em></strong></span> <span class='ocrx_word' id='word_1_170' title='bbox 969 2503 1078 2587; x_wconf 76' lang='grc' dir='ltr'><strong><em>δῶμεν</em></strong></span> <span class='ocrx_word' id='word_1_171' title='bbox 1101 2503 1138 2568; x_wconf 87' lang='grc' dir='ltr'><strong><em>ἐκ</em></strong></span> <span class='ocrx_word' id='word_1_172' title='bbox 1159 2513 1219 2570; x_wconf 86' lang='grc' dir='ltr'><strong><em>τοῦ</em></strong></span> 
     </span>
     <span class='ocr_line' id='line_1_23' title="bbox 217 2604 1219 2694; baseline 0.002 -21"><span class='ocrx_word' id='word_1_173' title='bbox 217 2615 334 2672; x_wconf 86' lang='grc' dir='ltr'><strong><em>κοινοῦ</em></strong></span> <span class='ocrx_word' id='word_1_174' title='bbox 353 2606 431 2692; x_wconf 79' lang='grc' dir='ltr'><strong><em>(σὺν</em></strong></span> <span class='ocrx_word' id='word_1_175' title='bbox 449 2607 511 2692; x_wconf 81' lang='grc' dir='ltr'><strong><em>γὰρ</em></strong></span> <span class='ocrx_word' id='word_1_176' title='bbox 530 2613 574 2694; x_wconf 78' lang='grc' dir='ltr'><strong><em>τῷ</em></strong></span> <span class='ocrx_word' id='word_1_177' title='bbox 593 2615 695 2694; x_wconf 78' lang='grc' dir='ltr'><strong><em>κοινςό</em></strong></span> <span class='ocrx_word' id='word_1_178' title='bbox 714 2604 769 2671; x_wconf 86' lang='grc' dir='ltr'><strong><em>καί</em></strong></span> <span class='ocrx_word' id='word_1_179' title='bbox 787 2606 986 2691; x_wconf 89' lang='grc' dir='ltr'><strong><em>ἐμηδίσαμεν</em></strong></span> <span class='ocrx_word' id='word_1_180' title='bbox 1005 2604 1086 2673; x_wconf 65' lang='grc' dir='ltr'><strong><em>οὐδὲ</em></strong></span> <span class='ocrx_word' id='word_1_181' title='bbox 1099 2617 1219 2692; x_wconf 87' lang='grc' dir='ltr'><strong><em>μοῦνοι</em></strong></span> 
     </span>
     <span class='ocr_line' id='line_1_24' title="bbox 218 2709 1218 2800; baseline 0.001 -22"><span class='ocrx_word' id='word_1_182' title='bbox 218 2709 340 2800; x_wconf 82' lang='grc' dir='ltr'><strong><em>ἡμεῖς),</em></strong></span> <span class='ocrx_word' id='word_1_183' title='bbox 368 2714 399 2778; x_wconf 91' lang='grc' dir='ltr'><strong><em>εἰ</em></strong></span> <span class='ocrx_word' id='word_1_184' title='bbox 425 2709 461 2777; x_wconf 74' lang='grc' dir='ltr'><strong><em>δὲ</em></strong></span> <span class='ocrx_word' id='word_1_185' title='bbox 487 2710 598 2796; x_wconf 91' lang='grc' dir='ltr'><strong><em>ἡμέων</em></strong></span> <span class='ocrx_word' id='word_1_186' title='bbox 625 2711 775 2796; x_wconf 78' lang='grc' dir='ltr'><strong><em>ἀληθέως</em></strong></span> <span class='ocrx_word' id='word_1_187' title='bbox 803 2713 953 2795; x_wconf 89' lang='grc' dir='ltr'><strong><em>δεόμενοι</em></strong></span> <span class='ocrx_word' id='word_1_188' title='bbox 976 2713 1218 2797; x_wconf 85' lang='grc' dir='ltr'><strong><em>πολιορκέουσι,</em></strong></span> 
     </span>
     <span class='ocr_line' id='line_1_25' title="bbox 217 2816 1295 2912; baseline 0 -27"><span class='ocrx_word' id='word_1_189' title='bbox 217 2821 310 2905; x_wconf 84' lang='grc' dir='ltr'><strong><em>ἡμεῖς</em></strong></span> <span class='ocrx_word' id='word_1_190' title='bbox 338 2817 438 2903; x_wconf 87' lang='grc' dir='ltr'><strong><em>ἡμέας</em></strong></span> <span class='ocrx_word' id='word_1_191' title='bbox 465 2819 586 2895; x_wconf 86' lang='grc' dir='ltr'><strong><em>αὐτοὺς</em></strong></span> <span class='ocrx_word' id='word_1_192' title='bbox 613 2818 646 2896; x_wconf 93' lang='grc' dir='ltr'><strong><em>ἐς</em></strong></span> <span class='ocrx_word' id='word_1_193' title='bbox 669 2818 859 2902; x_wconf 76' lang='grc' dir='ltr'><strong><em>ἀντιλογίην</em></strong></span> <span class='ocrx_word' id='word_1_194' title='bbox 881 2816 1071 2904; x_wconf 88' lang='grc' dir='ltr'><strong><em>παρέξομεν.</em></strong></span> <span class='ocrx_word' id='word_1_195' title='bbox 1116 2821 1219 2906; x_wconf 81' lang='grc' dir='ltr'><strong><em>κάρτα</em></strong></span> <span class='ocrx_word' id='word_1_196' title='bbox 1293 2899 1295 2912; x_wconf 31' lang='lat'><strong>⁴</strong></span> 
     </span>
     <span class='ocr_line' id='line_1_26' title="bbox 217 2919 1295 3011; baseline 0.002 -20"><span class='ocrx_word' id='word_1_197' title='bbox 217 2950 253 2992; x_wconf 90' lang='grc' dir='ltr'><strong><em>τε</em></strong></span> <span class='ocrx_word' id='word_1_198' title='bbox 276 2925 367 3004; x_wconf 84' lang='grc' dir='ltr'><strong><em>ἔδοξε</em></strong></span> <span class='ocrx_word' id='word_1_199' title='bbox 391 2919 427 2990; x_wconf 83' lang='grc' dir='ltr'><strong><em>εὖ</em></strong></span> <span class='ocrx_word' id='word_1_200' title='bbox 450 2922 634 3008; x_wconf 80' lang='grc' dir='ltr'><strong><em>λέγεινκαὶ</em></strong></span> <span class='ocrx_word' id='word_1_201' title='bbox 658 2925 691 3000; x_wconf 91' lang='grc' dir='ltr'><strong><em>ἐς</em></strong></span> <span class='ocrx_word' id='word_1_202' title='bbox 713 2927 839 3010; x_wconf 89' lang='grc' dir='ltr'><strong><em>καιρόν,</em></strong></span> <span class='ocrx_word' id='word_1_203' title='bbox 863 2924 979 2988; x_wconf 85' lang='grc' dir='ltr'><strong><em>αὐτίκα</em></strong></span> <span class='ocrx_word' id='word_1_204' title='bbox 1001 2947 1036 2989; x_wconf 91' lang='grc' dir='ltr'><strong><em>τε</em></strong></span> <span class='ocrx_word' id='word_1_205' title='bbox 1061 2924 1218 3011; x_wconf 88' lang='grc' dir='ltr'><strong><em>ἐπεκηρυ-</em></strong></span> <span class='ocrx_word' id='word_1_206' title='bbox 1294 2931 1295 2993; x_wconf 75' lang='grc' dir='ltr'><strong><em>λ</em></strong></span> 
     </span>
     <span class='ocr_line' id='line_1_27' title="bbox 218 3028 1219 3116; baseline 0.001 -19"><span class='ocrx_word' id='word_1_207' title='bbox 218 3034 355 3098; x_wconf 86' lang='grc' dir='ltr'><strong><em>κεύοντο</em></strong></span> <span class='ocrx_word' id='word_1_208' title='bbox 373 3032 456 3116; x_wconf 88' lang='grc' dir='ltr'><strong><em>πρὸς</em></strong></span> <span class='ocrx_word' id='word_1_209' title='bbox 470 3033 667 3112; x_wconf 88' lang='grc' dir='ltr'><strong><em>Παυσανίην</em></strong></span> <span class='ocrx_word' id='word_1_210' title='bbox 682 3030 717 3094; x_wconf 87' lang='grc' dir='ltr'><strong><em>οἰ</em></strong></span> <span class='ocrx_word' id='word_1_211' title='bbox 728 3033 866 3112; x_wconf 77' lang='grc' dir='ltr'><strong><em>Θηβαῖοι</em></strong></span> <span class='ocrx_word' id='word_1_212' title='bbox 879 3028 1035 3106; x_wconf 87' lang='grc' dir='ltr'><strong><em>θέλοντες</em></strong></span> <span class='ocrx_word' id='word_1_213' title='bbox 1050 3029 1219 3098; x_wconf 87' lang='grc' dir='ltr'><strong><em>ἐκδιδόναι</em></strong></span> 
     </span>
    </p>

    <p class='ocr_par' dir='ltr' id='par_1_5' title="bbox 165 3131 1294 3537">
     <span class='ocr_line' id='line_1_28' title="bbox 165 3131 1218 3222; baseline -0.003 -17"><span class='ocrx_word' id='word_1_214' title='bbox 165 3156 200 3206; x_wconf 83' lang='grc'><strong><em>88</em></strong></span> <span class='ocrx_word' id='word_1_215' title='bbox 218 3141 295 3214; x_wconf 82' lang='grc' dir='ltr'><strong><em>τοὺς</em></strong></span> <span class='ocrx_word' id='word_1_216' title='bbox 318 3139 449 3222; x_wconf 77' lang='grc' dir='ltr'><strong><em>ἄνδρας.</em></strong></span> <span class='ocrx_word' id='word_1_217' title='bbox 491 3136 535 3213; x_wconf 81' lang='grc' dir='ltr'><strong><em>ὡς</em></strong></span> <span class='ocrx_word' id='word_1_218' title='bbox 558 3131 595 3201; x_wconf 77' lang='grc' dir='ltr'><strong><em>δέ</em></strong></span> <span class='ocrx_word' id='word_1_219' title='bbox 618 3135 834 3220; x_wconf 80' lang='grc' dir='ltr'><strong><em>ὡμολόγησαν</em></strong></span> <span class='ocrx_word' id='word_1_220' title='bbox 857 3133 909 3200; x_wconf 81' lang='grc' dir='ltr'><strong><em>ἐπὶ</em></strong></span> <span class='ocrx_word' id='word_1_221' title='bbox 931 3136 1088 3218; x_wconf 83' lang='grc' dir='ltr'><strong><em>τούτοισι,</em></strong></span> <span class='ocrx_word' id='word_1_222' title='bbox 1109 3135 1218 3202; x_wconf 85' lang='grc' dir='ltr'><strong><em>Ἀττα-</em></strong></span> 
     </span>
     <span class='ocr_line' id='line_1_29' title="bbox 217 3239 1218 3327; baseline 0.001 -21"><span class='ocrx_word' id='word_1_223' title='bbox 217 3254 311 3326; x_wconf 79' lang='grc' dir='ltr'><strong><em>γίνος</em></strong></span> <span class='ocrx_word' id='word_1_224' title='bbox 332 3239 392 3326; x_wconf 70' lang='grc' dir='ltr'><strong><em>μὲν</em></strong></span> <span class='ocrx_word' id='word_1_225' title='bbox 416 3242 621 3327; x_wconf 80' lang='grc' dir='ltr'><strong><em>ἐκδιδρήσκει</em></strong></span> <span class='ocrx_word' id='word_1_226' title='bbox 644 3241 679 3306; x_wconf 88' lang='grc' dir='ltr'><strong><em>ἐκ</em></strong></span> <span class='ocrx_word' id='word_1_227' title='bbox 696 3249 757 3306; x_wconf 88' lang='grc' dir='ltr'><strong><em>τοῦ</em></strong></span> <span class='ocrx_word' id='word_1_228' title='bbox 774 3242 898 3324; x_wconf 73' lang='grc' dir='ltr'><strong><em>ἄστεος,</em></strong></span> <span class='ocrx_word' id='word_1_229' title='bbox 921 3243 1041 3318; x_wconf 84' lang='grc' dir='ltr'><strong><em>παῖδας</em></strong></span> <span class='ocrx_word' id='word_1_230' title='bbox 1059 3239 1096 3307; x_wconf 72' lang='grc' dir='ltr'><strong><em>δὲ</em></strong></span> <span class='ocrx_word' id='word_1_231' title='bbox 1115 3242 1218 3307; x_wconf 85' lang='grc' dir='ltr'><strong><em>αὐτοῦ</em></strong></span> 
     </span>
     <span class='ocr_line' id='line_1_30' title="bbox 217 3346 1217 3432; baseline 0 -20"><span class='ocrx_word' id='word_1_232' title='bbox 217 3346 424 3430; x_wconf 83' lang='grc' dir='ltr'><strong><em>ἀπαχθέντας</em></strong></span> <span class='ocrx_word' id='word_1_233' title='bbox 447 3350 642 3431; x_wconf 85' lang='grc' dir='ltr'><strong><em>Παυσανίης</em></strong></span> <span class='ocrx_word' id='word_1_234' title='bbox 669 3346 809 3412; x_wconf 79' lang='grc' dir='ltr'><strong><em>ἀπέλυσε</em></strong></span> <span class='ocrx_word' id='word_1_235' title='bbox 835 3355 893 3431; x_wconf 82' lang='grc' dir='ltr'><strong><em>τῆς</em></strong></span> <span class='ocrx_word' id='word_1_236' title='bbox 920 3348 1038 3430; x_wconf 78' lang='grc' dir='ltr'><strong><em>αἰτίης,</em></strong></span> <span class='ocrx_word' id='word_1_237' title='bbox 1067 3349 1132 3432; x_wconf 90' lang='grc' dir='ltr'><strong><em>φδις</em></strong></span> <span class='ocrx_word' id='word_1_238' title='bbox 1157 3357 1217 3412; x_wconf 88' lang='grc' dir='ltr'><strong><em>τοῦ</em></strong></span> 
     </span>
     <span class='ocr_line' id='line_1_31' title="bbox 218 3447 1217 3537; baseline 0.004 -23"><span class='ocrx_word' id='word_1_239' title='bbox 218 3453 384 3534; x_wconf 87' lang='grc' dir='ltr'><strong><em>μηδισμοῦ</em></strong></span> <span class='ocrx_word' id='word_1_240' title='bbox 419 3455 538 3530; x_wconf 73' lang='grc' dir='ltr'><strong><em>παῖδας</em></strong></span> <span class='ocrx_word' id='word_1_241' title='bbox 574 3449 674 3518; x_wconf 70' lang='grc' dir='ltr'><strong><em>οὐδέν</em></strong></span> <span class='ocrx_word' id='word_1_242' title='bbox 710 3447 795 3517; x_wconf 83' lang='grc' dir='ltr'><strong><em>εἶναι</em></strong></span> <span class='ocrx_word' id='word_1_243' title='bbox 827 3455 1019 3537; x_wconf 86' lang='grc' dir='ltr'><strong><em>μεταιτίους.</em></strong></span> <span class='ocrx_word' id='word_1_244' title='bbox 1070 3456 1149 3530; x_wconf 83' lang='grc' dir='ltr'><strong><em>τοὺς</em></strong></span> <span class='ocrx_word' id='word_1_245' title='bbox 1180 3451 1217 3518; x_wconf 73' lang='grc' dir='ltr'><strong><em>δέ</em></strong></span> 
     </span>
    </p>
   </div>
   <div class='ocr_carea' id='block_1_3' title="bbox 0 0 1320 3970">
    <p class='ocr_par' dir='ltr' id='par_1_6' title="bbox 0 0 1320 3970">
     <span class='ocr_line' id='line_1_32' title="bbox 0 0 1320 3970; baseline 0 1"><span class='ocrx_word' id='word_1_246' title='bbox 0 0 1320 3970; x_wconf 95' lang='lat' dir='ltr'><strong><em> </em></strong></span> 
     </span>
    </p>
   </div>
  </div>
 </body>
</html>
