2632 3970
176 235 242 300 376
586 235 777 290 HERODOTI

175 379 214 443 τδ
240 375 302 462 μὲν
329 379 394 462 γὰρ
421 376 458 442 ἐν
481 381 667 462 Πλαταιῇσι
692 376 780 463 πρωὶ
806 380 854 443 ἔτι
882 387 939 461 τῆς
965 374 1087 461 ἡμέρης
1114 375 1182 458 ἐγί-

175 506 263 564 νετο,
285 483 324 547 τδ
347 479 385 548 δέ
405 482 443 548 ἐν
460 483 604 569 Μυκάλη
622 482 697 569 περὶ
715 484 839 565 δείλην.
875 483 927 547 δτι
945 479 983 547 δὲ
999 491 1057 564 τῆς
1079 480 1183 563 αὐτῆς

174 586 298 672 ἡμέρης
316 587 493 672 συνέβαινε
510 591 665 672 γίνεσθαι
683 590 787 672 μηνός
804 611 840 653 τε
859 596 920 653 τοῦ
938 587 1051 667 αὐτοῦ,
1069 589 1181 672 χρόνῳ

175 693 218 758 οὐ
244 699 357 782 πολλῷ
380 711 443 779 σφι
468 694 610 780 ὕστερον
638 696 721 778 δῆλα
746 694 1022 778 ἀναμανθάνουσι
1044 692 1181 774 ἐγίνετο.

174 793 219 882 ήν
241 795 279 865 δέ
301 799 450 887 ἀρρωδίη
468 815 530 884 σφι
552 799 633 886 πρὶν
649 803 711 884 τήν
729 803 843 884 φήμην
861 798 1088 881 ἐσαπικέσθαι,
1105 798 1182 863 οὔτι
1300 796 1301 822 ¹

174 902 251 990 περὶ
278 904 392 990 σφέων
419 906 530 972 αὐτῶν
557 907 643 971 οὕτω
671 906 716 982 ὡς
741 917 808 970 τῶν
826 901 1009 988 Ἑλλήνων,
1038 905 1082 988 μή
1104 901 1182 987 περὶ

175 1011 362 1097 Μαρδονίφ
379 1014 500 1096 πταίση
520 1008 677 1094 ήἙλλάς.
714 1010 759 1086 ὡς
776 1009 888 1093 μέντοι
905 1010 928 1092 ἡ
945 1011 1078 1092 κληδὼν
1095 1008 1181 1091 αὕτη
1301 990 1302 1020 ¹

175 1129 237 1196 σφι
260 1113 426 1199 ἐσέπτατο,
449 1119 576 1201 μᾶλλόν
597 1140 630 1182 τι
651 1114 707 1181 καὶ
728 1118 909 1201 ταχύτερον
931 1118 992 1199 τήν
1009 1114 1183 1200 πρόσοδον
1302 1182 1303 1194 η

175 1219 357 1286 ἐποιεῦντο.
385 1222 421 1287 ot
431 1219 492 1306 μὲν
506 1224 548 1305 δή
558 1221 715 1304 Ἕλληνες
726 1219 781 1286 ιιαὶ
795 1222 831 1286 οἱ
841 1222 1004 1307 βάρβαροι
1017 1220 1182 1285 ἔσπενδον
1300 1257 1303 1266 ι

174 1323 209 1400 ἐς
230 1325 292 1408 τήν
310 1326 429 1410 μάχην,
452 1328 496 1404 ὥς
514 1343 575 1411 σφι
593 1326 648 1392 καὶ
667 1328 704 1392 αἱ
717 1335 815 1410 νῆσοι
832 1325 887 1391 καὶ
906 1323 1182 1411 δἙλλήσποντος
1303 1376 1304 1396 ι

174 1430 281 1496 ἄεθλα
303 1429 483 1516 προέκειτο.

123 1551 174 1602 ιον
267 1537 362 1602 Τοῖσι
393 1536 454 1621 μέν
480 1561 545 1603 νυν
569 1534 777 1622 Ἀθηναίοισι
807 1535 862 1602 καὶ
888 1548 975 1602 τοῖσι
1004 1534 1181 1622 προσεχέσι

173 1640 323 1707 τούτοισι
347 1640 574 1728 τεταγμένοισι
596 1643 691 1730 μέχρι
712 1668 775 1709 κον
801 1654 868 1709 τῶν
890 1639 1037 1727 ήμισέων
1057 1639 1079 1724 ή
1101 1640 1181 1718 ὁδὸς

174 1745 301 1830 ἐγένετο
328 1742 400 1814 κατ’
425 1750 578 1830 αἰγιαλόν
600 1772 635 1814 τε
657 1747 712 1815 καὶ
734 1751 859 1815 άπεδον
880 1759 1006 1833 χῶρον,
1033 1757 1119 1812 τοῖσι
1142 1746 1181 1811 δὲ

174 1853 470 1938 Λακεδαιμονίοισι
487 1853 542 1919 καὶ
559 1865 645 1921 τοῖσι
664 1854 776 1940 ἐπεξῆς
793 1856 940 1921 τούτοισι
953 1851 1181 1938 τεταγμένοισι
1304 1879 1306 1944 3

174 1959 257 2024 κατά
274 1980 310 2024 τε
327 1959 498 2045 χαράδραν
515 1957 571 2025 ιιαὶ
589 1960 676 2043 ὄρεα.
714 1960 750 2024 έν
769 1951 795 2047 ᾧ
815 1957 852 2025 δὲ
870 1960 907 2025 οἱ
921 1959 1181 2042 Λακεδαιμόνιοι

174 2067 364 2150 περιήισαν,
393 2060 487 2130 οὗτοι
516 2065 551 2130 οἱ
575 2063 628 2130 ἐπὶ
654 2071 700 2152 τῷ
724 2063 822 2152 ἑτέρῳ
845 2064 935 2151 κέρεϊ
957 2067 1031 2146 [ἔτι]
1059 2062 1114 2128 καὶ
1137 2063 1180 2146 δή
1306 2103 1307 2112 1

175 2167 345 2253 ἐμάχοντο.
390 2169 452 2246 ἕως
478 2166 540 2254 μέν
561 2192 626 2234 νυν
654 2180 741 2234 τοῖσι
764 2167 913 2254 Πέρσησι
941 2171 1044 2253 ὄρθια
1069 2163 1113 2252 ήν
1139 2169 1181 2232 τὰ
1306 2151 1307 2160 ¹

174 2272 287 2358 γέρρα,
310 2274 478 2358 ήμύνοντό
495 2298 531 2339 τε
553 2273 607 2340 καὶ
631 2271 731 2339 οὐδὲν
754 2277 895 2338 ἔλασσον
914 2268 1004 2357 εἶχον
1021 2282 1061 2358 πή
1079 2273 1181 2358 μάχη·

175 2375 245 2444 ἐπεὶ
268 2374 305 2442 δέ
326 2387 394 2442 τῶν
414 2375 603 2461 Ἀθηναίων
625 2377 680 2444 καὶ
702 2389 769 2444 τῶν
787 2377 974 2463 προσεχέων
993 2378 1011 2444 ὁ
1030 2381 1180 2463 στρατός,

174 2483 259 2560 ὅπως
277 2480 410 2550 έωντῶν
432 2481 567 2567 γένηται
584 2486 622 2550 τὸ
641 2487 741 2570 ἔργον
758 2482 813 2549 καὶ
831 2485 876 2568 μή
893 2485 1180 2568 Λακεδαιμονίων,

174 2588 496 2674 παρακελευσάμενοι
527 2592 627 2674 ἔργον
659 2596 787 2674 εἴχοντο
819 2591 1090 2674 προθυμότερον,
1127 2589 1180 2655 ἐν·

173 2699 296 2760 θεῦτεν
326 2695 391 2778 ήδη
419 2692 605 2780 ἑτεροιοῦτο
634 2696 672 2760 τὸ
695 2704 838 2779 πρῆγμα.
889 2695 1089 2779 διωσάμενοι
1115 2695 1180 2779 γὰρ

174 2800 214 2865 τά
249 2798 352 2885 γέρρα
387 2793 481 2866 οὗτοι
513 2802 691 2885 φερόμενοι
727 2799 883 2865 ἐσέπεσον
914 2798 1006 2876 ἁλέες
1037 2799 1071 2876 ἐς
1101 2801 1181 2876 τοὺς

176 2903 323 2990 Πέρσας,
351 2905 387 2970 οἱ
411 2901 448 2970 δέ
476 2903 648 2989 δεξάμενοι
676 2902 731 2971 καὶ
760 2907 883 2991 χρόνον
909 2905 1034 2988 συχνδν
1057 2904 1180 2989 ἀμυνό-

175 3033 270 3095 μενοι
296 3008 390 3086 τέλος
417 3012 561 3096 ἐφενγον
588 3009 622 3087 ές
648 3011 684 3075 τὸ
711 3020 826 3094 τεῖχος.
868 3007 1041 3094 Ἀθηναῖοι
1065 3006 1103 3075 δὲ
1124 3007 1180 3075 καὶ

174 3117 355 3201 Κορίνθιοι
381 3113 437 3181 καὶ
465 3115 648 3181 Σικυώνιοι
679 3113 734 3180 καὶ
766 3117 954 3200 Τροιζήνιοι
986 3113 1087 3200 (οὕτω
1115 3116 1180 3201 γάρ

174 3213 260 3302 ήσαν
275 3219 388 3303 ἐπεξῆς
400 3219 605 3307 τεταγμένοι)
622 3223 925 3304 [σνν]επισπόμενοι
939 3218 1180 3286 συνεσέπιπτον

175 3321 209 3398 ές
230 3323 268 3385 τὸ
290 3332 405 3406 τεῖχος.
451 3324 495 3400 ὡς
518 3322 555 3389 δὲ
577 3322 691 3390 καὶτὸ
714 3336 819 3408 τεῖχος
841 3325 1011 3412 ἀραίρητο,
1034 3319 1106 3390 οὔτ’
1131 3326 1181 3390 ἔτι

175 3425 258 3501 πρὸς
289 3424 392 3506 ἀλκήν
424 3427 602 3512 ἐτράποντο
635 3429 670 3494 οἱ
698 3429 860 3514 βάρβαροι
891 3431 972 3512 πρὸς
1004 3432 1117 3514 φυγήν
1144 3452 1181 3496 τε
