2678 3970
166 218 232 281 200
580 215 765 272 HERODOTI

166 358 341 442 Βισάνθην
363 361 424 443 τὴν
448 359 484 426 ἐν
501 356 742 448 Ἑλλησπόντῳ,
764 357 820 424 καὶ
838 357 1039 444 ἀπαχθέντες
1056 359 1089 436 ἐς
1107 361 1173 444 τὴν

164 461 312 547 Ἀττικὴν
335 465 505 532 ἀπέθανον
527 466 591 531 ὑπὸ
607 463 805 550 Ἀθηναίων,
829 467 909 549 μετδι
931 461 968 531 δὲ
987 465 1096 530 αὐτῶν
1114 465 1174 530 καὶ

164 567 329 654 Ἀριστέας
352 571 370 636 δ
390 566 602 655 Ἀδειμάντου
625 575 809 656 Κορίνθιος
831 571 924 656 άνήρ.

268 680 377 741 Ταῦτα
404 677 465 762 μέν
492 702 556 754 νυν
582 683 734 743 πολλοῖσι
761 681 846 743 ἔτεσι
872 678 1013 762 ὕστερον
1040 676 1172 761 ἐγένετο

168 791 228 847 τοῦ
255 782 407 866 βασιλέος
434 786 570 866 στόλου,
600 773 749 868 ἐπάνειμι
776 779 813 849 δέ
840 781 892 849 ἐπὶ
919 785 978 849 τὸν
1009 785 1173 870 πρότερον

117 890 288 971 138λόγον.
336 889 357 972 ἡ
390 886 427 954 δέ
460 893 678 974 στρατηλασίη
710 889 731 972 ἡ
763 879 915 973 βασιλέοςΙ
951 889 1079 973 οίίνομα
1110 887 1173 974 μέν

169 989 234 1078 εἶχε
257 995 301 1071 ὡς
324 989 374 1060 ἐπ’
396 992 539 1079 Ἀθήνας
562 995 702 1078 ἐλαύνει,
726 999 853 1061 κατίετο
877 991 914 1060 δέ
933 996 966 1072 ἐς
982 1004 1092 1060 πᾶσαν
1110 996 1173 1078 τὴν

164 1096 313 1166 Ἑλλάδα.
354 1104 605 1186 πυνθανόμενοι
629 1097 790 1166 δὲταῦτα
813 1102 876 1187 πρὸ
899 1106 1025 1166 πολλοῦ
1044 1102 1079 1166 οί
1097 1099 1172 1166 Ἕλ-

169 1211 266 1288 ληνες
298 1206 359 1272 οὐκ
390 1207 427 1271 ἐν
457 1206 560 1294 ὁμοίῳ
588 1206 707 1284 πάντες
734 1207 913 1274 ἐποιεῦντο.
963 1207 999 1272 οί
1021 1203 1081 1291 μέν
1107 1209 1172 1293 γὰρ

170 1311 279 1376 αὐτῶν
298 1313 412 1389 δόντες
429 1322 492 1395 γῆν
510 1336 545 1377 τε
563 1310 618 1376 καὶ
634 1313 727 1397 ὕδωρ
745 1321 790 1400 τῷ
806 1313 921 1399 Πέρση
940 1307 1030 1397 εἶχον
1043 1313 1172 1398 θάρσος

170 1417 215 1494 ὡς
238 1413 337 1482 οὐδὲν
359 1420 548 1502 πεισόμενοι
570 1419 667 1502 άχαρι
688 1419 771 1503 πρὸς
792 1427 853 1483 τοῦ
875 1419 1060 1505 βαρβάρου·
1083 1419 1119 1483 οί
1134 1415 1171 1482 δέ

171 1522 211 1587 οὐ
244 1523 357 1600 δόντες
384 1523 420 1589 ἐν
449 1524 576 1606 δείματι
603 1523 732 1612 μεγάλω
764 1521 980 1606 κατέστασαν,
1013 1524 1068 1589 άτε
1096 1525 1172 1589 οὔτε

171 1638 257 1693 νεῶν
280 1626 424 1694 ἐουσέων
448 1628 484 1694 ἐν
506 1637 545 1714 τῇ
563 1626 696 1694 Ἑλλάδι
714 1629 859 1714 άριθμὸν
878 1629 1063 1714 ἀξιομάχων
1084 1629 1172 1694 δέκε-

171 1741 253 1799 σθαι
275 1735 334 1800 τὸν
357 1734 500 1816 ἐπιόντα,
526 1735 600 1800 οὔτε
624 1733 839 1820 βουλομένων
861 1746 928 1800 τῶν
946 1741 1078 1801 πολλῶν
1097 1736 1172 1800 ἀντ·

120 1855 169 1905 139
180 1840 341 1906 άπτεσθαι
363 1849 423 1906 τοῦ
445 1840 601 1926 πολέμου,
621 1843 824 1925 μηδιζόντων
843 1838 880 1906 δὲ
897 1843 1088 1926 προθύμως.
1121 1843 1173 1908 ἐν-

170 1953 280 2012 θαῦτα
307 1947 467 2032 άναγκαίη
493 1945 663 2032 ἐξέργομαι
689 1947 826 2031 γνώμην
854 1945 1079 2025 ἀποδέξασθαι
1106 1947 1173 2012 ἐπί-

172 2059 306 2137 φθονον
333 2049 393 2136 μὲν
415 2055 497 2138 πρὸς
519 2063 586 2117 τῶν
608 2055 758 2117 πλεόνων
781 2052 985 2138 ἀνθρώπων,
1014 2053 1102 2136 ὅμως
1125 2053 1173 2135 δέ,

171 2166 210 2242 τῇ
233 2158 272 2240 γέ
297 2181 353 2241 μοι
381 2162 533 2242 φαίνεται
561 2153 646 2222 εἶναι
674 2155 811 2241 άληθές,
839 2157 901 2221 οὐκ
927 2157 1099 2241 ἐπισχήσω.
1144 2161 1176 2224 εί

169 2260 341 2344 Ἀθηναῖοι
366 2264 677 2348 καταρρωδήσαντες
704 2264 763 2328 τὸν
787 2262 920 2328 ἐπιόντα
942 2264 1103 2328 κίνδυνον
1125 2263 1174 2342 ἐξ·

174 2367 287 2434 έλιπον
313 2369 375 2450 τὴν
399 2366 577 2452 σφετέρην,
604 2367 625 2451 ἣ
648 2366 702 2432 καὶ
725 2369 768 2452 μὴ
793 2367 979 2444 ἐκλιπόντες
1001 2367 1083 2433 άλλά
1105 2373 1174 2452 μεί·

173 2496 290 2550 ναντες
308 2474 428 2537 ἔδοσαν
446 2472 549 2556 σφέας
563 2473 684 2549 αὐτοὺς
697 2471 811 2558 Ξέρξη,
830 2475 911 2538 κατὰ
925 2475 985 2557 τὴν
998 2474 1175 2540 θάλασσαν

174 2576 315 2664 οὐδαμοὶ
337 2577 378 2644 δν
402 2577 577 2660 ἐπειρῶντο
601 2577 808 2662 άντιεύμενοι
829 2577 965 2662 βασιλέι.
1007 2581 1038 2643 εί
1057 2583 1175 2645 τοίνυν

173 2687 255 2752 κατά
281 2686 342 2770 τὴν
368 2684 542 2749 θάλασσαν
570 2681 683 2767 μηδεὶς
709 2684 863 2766 ἠντιοῦτο
886 2683 1005 2770 Ξέρξη,
1033 2686 1115 2750 κατά
1136 2711 1175 2769 γε

175 2793 216 2858 άν
238 2794 298 2876 την
320 2794 457 2876 ἤπειρον
478 2789 590 2854 τοιάδε
613 2789 746 2872 ἐγίνετο.
784 2779 889 2854 είκαδ
906 2787 1023 2854 πολλοὶ
1040 2791 1176 2875 τειχέων

174 2908 316 2976 κιθῶνες
338 2893 423 2982 ἦσαν
445 2895 638 2980 ἐληλαμένοι
656 2897 712 2960 διά
730 2904 790 2960 τοῦ
805 2889 943 2980 Ἰσθμοῦ
962 2901 1175 2979 Πελοποννη-

175 3010 291 3088 σίοισι,
314 3001 536 3090 προδοθέντες
565 3001 606 3066 άν
629 3003 887 3086 Λακεδαιμόνιοι
913 3001 977 3066 ὑπὸ
1004 3012 1072 3067 τῶν
1095 3018 1175 3086 συμ-

176 3113 288 3196 μάχων
316 3111 377 3175 οὐκ
404 3109 546 3176 ἑκόντων
573 3105 644 3172 ἀλλ’
671 3105 725 3172 ὑπ’
758 3107 950 3190 ἀναγκαίης,
978 3109 1060 3172 κατά
1081 3110 1176 3184 πόλις

177 3215 401 3298 ἁλισκομένων
432 3215 496 3279 ὑπὸ
523 3222 584 3278 τοῦ
610 3222 768 3279 ναυτικοῦ
796 3221 938 3298 στρατοῦ
963 3221 1023 3278 τοῦ
1054 3212 1175 3297 βαρβά-

178 3344 254 3406 ρου,
284 3320 541 3404 ἐμουνώθησαν,
564 3318 795 3404 μουνωθέντες
818 3315 854 3384 δέ
879 3318 920 3382 δν
942 3317 997 3383 καὶ
1019 3317 1177 3396 ἀποδεξά-

177 3449 271 3512 μενοι
299 3427 378 3510 ἐργα
405 3427 529 3510 μεγάλα
556 3424 727 3490 ἀπέθανον
754 3427 922 3508 γενναίως.
966 3423 987 3509 ἢ
1009 3433 1112 3489 ταῦτα
1134 3422 1177 3488 άν
