2572 3980
428 270 495 326 ΙιῙΒ.
511 271 544 328 V.
582 271 658 327 CAP.
679 279 798 329 54-60.
1069 275 1112 340 29

103 413 284 499 ἐτράποντο
309 410 361 480 ἐπ’
383 412 560 498 Ἀθηνέων.
599 413 771 501 Ἀθηναῖοι
795 416 834 483 δέ
855 436 958 504 σφεας
981 419 1033 486 ἐπὶ
1057 421 1112 505 ρη-

104 531 192 584 τοῖσι
220 519 372 599 ἐδέξαντο
401 520 515 606 σφέων
542 521 652 588 αὐτῶν
675 517 760 587 εἶναι
782 528 952 608 πολιήτας,
980 531 1113 592 πολλῶν

102 649 189 691 τεων
217 624 271 690 καί
299 627 361 691 οὐκ
386 626 615 711 ἀξιαπηγήτων
638 627 843 707 ἐπιτάξαντες
867 633 1032 716 ἔργεσθαι.
1079 633 1116 698 οί
1131 649 1165 700 58

104 728 143 796 δὲ
165 735 318 809 Φοίνικες
336 726 429 797 οὗτοι
448 733 483 797 οί
499 736 562 798 σὺν
577 734 701 820 Κάδμφ
721 734 924 818 ἀπικόμενοι,
942 747 1009 802 τῶν
1027 733 1112 820 ἦσαν

104 838 141 903 οἱ
163 839 358 922 Γεφυραῖοι,
389 839 472 902 ἄλλα
498 861 533 902 τε
563 841 668 904 πολλὰ
696 841 885 924 οἰκήσαντες
906 843 1030 924 ταύτην
1052 845 1113 926 τήν

103 944 217 1028 χώρην
246 943 409 1027 ἐσήγαγον
438 944 632 1009 διδασκάλια
655 945 689 1022 ές
710 947 788 1022 τοὺς
810 943 972 1030 Ἕλληνας
993 945 1048 1011 καὶ
1071 949 1112 1031 δή
1138 937 1142 947 ’

103 1046 160 1113 καὶ
178 1049 361 1134 γράμματα,
381 1050 442 1114 οὐκ
461 1049 557 1114 έόντα
575 1048 654 1133 πρὶν
665 1049 801 1134 Ἕλλησι
820 1076 864 1128 τις
882 1049 954 1136 έμοὶ
974 1045 1112 1136 δοκέειν,

104 1165 219 1237 πρῶτα
242 1153 303 1238 μὲν
325 1164 412 1220 τοῖσι
433 1152 487 1220 καὶ
506 1155 646 1232 ἅπαντες
664 1155 824 1241 χρέωνται
845 1161 1010 1234 Φοίνικες·
1034 1160 1113 1242 μετὰ

107 1257 146 1325 δὲ
169 1263 296 1344 χρόνον
315 1263 555 1346 προβαίνοντος
578 1261 644 1344 άμα
666 1271 705 1346 τή
725 1271 821 1346 φωνή
840 1262 1040 1346 μετέβαλλον
1058 1263 1113 1328 καί

105 1368 166 1431 τὸν
190 1367 324 1450 ῥυθμὸν
346 1377 413 1431 τῶν
435 1367 643 1451 γραμμάτων.
680 1371 867 1453 περιοίκεον
890 1368 929 1434 δέ
950 1385 1054 1453 σφεας
1073 1371 1113 1433 τὰ

104 1473 214 1537 πολλά
232 1483 299 1536 τῶν
318 1473 435 1555 χώρων
453 1481 573 1537 τοῦτον
591 1474 650 1537 τὸν
667 1476 788 1557 χρόνον
804 1468 972 1556 Ἑλλήνων
986 1473 1112 1551 Ἴωνες·

108 1581 147 1643 οἳ
166 1581 411 1662 παραλαβόντες
435 1579 552 1662 διδαχή
575 1580 662 1661 παρά
682 1589 748 1643 τῶν
770 1583 937 1645 Φοινίκων
955 1581 994 1644 τά
1012 1580 1113 1664 γράμ-

105 1707 201 1768 ματα,
225 1683 549 1767 μεταρρυθμίσαντές
572 1701 685 1768 σφειιν
704 1685 799 1768 ὀλίγα
818 1685 989 1770 ἐχρέωντο,
1013 1687 1112 1770 χρεώ-

106 1813 202 1872 μενοι
227 1787 263 1854 δδ
282 1789 453 1872 ἐφάτισαν,
477 1790 585 1872 ὥσπερ
603 1787 658 1853 καί
676 1791 713 1854 τὸ
733 1791 862 1855 δίκαιον
881 1794 978 1877 ἔφερε
996 1791 1112 1874 έσαγα-

104 1897 236 1977 γόντων
254 1898 421 1960 Φοινίκων
440 1894 473 1971 ἐς
491 1897 551 1978 τήν
565 1892 716 1977 Ἑλλάδα,
734 1899 909 1979 Φοινικήια
922 1901 1110 1980 κεκλῆσθαι.

104 1998 161 2065 καὶ
189 2001 245 2076 τὰς
268 2003 405 2082 βίβλους
433 1998 597 2085 διφθέρας
623 2001 778 2066 καλέουσι
801 2001 947 2066 ἀπὸτοῦ
970 2007 1112 2066 παλαιοῦ

107 2106 173 2188 [οἱ]
189 2105 314 2186 Ἴωνες,
334 2107 384 2170 ὅτι
401 2103 476 2171 κοτὲ
496 2105 532 2172 έν
551 2107 651 2171 σπάνι
669 2109 795 2190 βίβλων
814 2105 974 2191 ἐχρέωντο
994 2107 1112 2191 διφθέ-

106 2228 184 2296 ρῃσι
217 2211 349 2296 αίγέησί
372 2235 407 2276 τε
434 2209 488 2276 καί
516 2211 638 2297 οίέησι·
671 2215 718 2277 έτι
746 2209 783 2276 δὲ
809 2210 864 2276 καὶ
891 2213 929 2277 τὸ
956 2209 1025 2277 κατ’
1057 2210 1113 2298 ἐμὲ

108 2315 226 2382 πολλοὶ
249 2328 317 2381 τῶν
336 2319 514 2403 βαρβάρων
532 2317 565 2394 ἐς
582 2318 735 2393 τοιαύτας
754 2315 919 2403 διφθέρας
936 2319 1112 2404 γράφουσι.

107 2419 199 2488 εἶδον
223 2420 260 2487 δὲ
282 2421 335 2488 καὶ
360 2423 458 2499 αὐτὸς
477 2425 631 2506 Καδμήια
653 2423 825 2508 γράμματα
848 2423 885 2488 έν
907 2433 952 2510 τῷ
973 2425 1032 2510 ίριι
1052 2433 1112 2489 τοῦ
1131 2442 1165 2492 59

103 2525 310 2605 ’Λπόλλωνος
343 2537 402 2594 τοῦ
431 2525 599 2612 Ἰσμηνίου
628 2528 664 2594 έν
697 2532 824 2614 Θήβησι
855 2537 930 2614 τήσι
956 2534 1113 2594 Βοιωτῶν

106 2633 161 2700 έπί
202 2637 333 2718 τρίποσι
369 2633 456 2716 τρισὶ
495 2634 771 2718 ἐγκεκολαμμένα,
808 2637 848 2701 τά
883 2636 988 2700 πολλά
1015 2635 1112 2717 ὅμοια

106 2741 206 2806 ἐόντα
233 2751 319 2805 τοῖσι
344 2737 527 2805 Ἰωνικοῖσι.
574 2739 592 2805 ὁ
620 2737 681 2824 μὲν
710 2741 751 2824 δή
779 2732 826 2817 εἷς
851 2751 919 2804 τῶν
945 2740 1113 2824 τριπόδων

106 2848 295 2930 ἐπίγραμμα
318 2850 383 2930 ἔχει

194 2947 403 3036 Ἀμφιτρύων
426 2949 459 3036 μ’
486 2951 650 3033 ἀνέθηκεν
673 2950 737 3016 έὼν
761 2950 823 3015 άπὸ
850 2949 1054 3032 Τηλεβοάων.

107 3068 213 3124 ταῦτα
235 3057 366 3140 ήλικίηυ
394 3055 435 3122 διν
463 3063 513 3140 εῖη
537 3059 618 3122 κατὰ
641 3057 747 3122 Λάϊον
770 3057 828 3121 τὸν
852 3055 1030 3139 Λαβδάκου
1052 3065 1113 3121 τοῦ

108 3163 318 3246 Πολυδώρου
345 3171 405 3228 τοῦ
429 3163 575 3246 Κάδμου.
622 3161 731 3246 ἕτερος
761 3159 798 3226 δὲ
824 3163 960 3245 τρίπους
983 3160 1020 3227 έν
1043 3159 1112 3242 ἐξα·
1129 3176 1166 3228 60

109 3270 218 3357 μέτρῳ
241 3271 327 3356 τόυρι
351 3269 452 3352 λέγει·

199 3379 322 3452 Σκαῖος
344 3373 541 3459 πυγμαχέων
564 3398 604 3458 με
627 3373 772 3458 ἑκηβόλῳ
793 3370 973 3439 Ἀπόλλωνι

201 3485 347 3560 Νικήσας
370 3479 513 3564 ἀνέθηκε
536 3482 604 3544 τεῒν
626 3475 816 3564 περικαλλὲς
838 3480 974 3563 άγαλμα.
