2572 3980
177 278 221 343 30
590 273 775 330 ιιιιιιουοιι

177 425 302 497 Σκαῖος
324 417 401 485 δ
382 443 424 484 αν
447 424 497 502 εῖη
520 417 539 486 δ
557 415 806 499 Ιπποκόωντος,
829 419 861 484 εί
881 419 923 502 δὴ
942 411 1039 494 οὗτός
1056 439 1095 500 γε
1113 415 1185 483 έστί
1271 336 1274 488 ί

176 526 194 591 ὁ
219 523 356 602 ἀναθεὶς
377 523 495 609 καὶμὴ
518 525 617 601 ἄλλος
633 524 739 589 τώυτὸ
759 524 887 608 οὕνομα
905 526 1039 610 ἔχων
1008 530 1053 588 τώ
1072 519 1185 588 Ιππο-
1272 500 1275 630 ί

123 649 155 699 οι
176 633 335 713 κόωντος,
367 631 497 716 ἡλικίην
524 632 605 695 κατὰ
633 631 797 696 Οἰδίπουν
824 630 883 694 τὸν
910 631 1027 694 Λαΐου.
1072 632 1186 714 τρίτος

176 733 214 802 δὲ
237 739 372 821 τρίπους
394 730 622 820 λέγεικαὶ
582 758 679 813 ουτος
701 735 739 800 έν
762 733 940 822 ἑξαμέτρῳ
1273 662 1276 818 Ι

264 841 443 927 Λαοδάμας
464 838 593 924 τρίποδ’
620 841 719 917 αὐτὸς
741 839 891 928 έϋσκόπφ
911 836 1093 906 Ἀπόλλωνι
1275 825 1277 912 ί

265 947 495 1032 Μουναρχέων
518 945 661 1030 ἀνέθηκε
683 947 753 1012 τεῒν
774 942 965 1032 περικαλλὲς
987 947 1126 1030 ἄγαλμα

177 1051 229 1120 ἐπὶ
257 1055 377 1120 τούτου
406 1055 447 1137 δη
469 1062 529 1119 τοῦ
547 1053 786 1136 Λαοδάμαντος
811 1060 872 1116 τοῦ
891 1049 1076 1128 Ἐτεοκλέος
1099 1075 1182 1134 μου·

176 1156 372 1244 νιιρχέοντος
386 1157 606 1238 ἐξανιστέαται
619 1159 780 1242 Καδμεῖοι
793 1153 849 1222 ὑπ’
868 1155 1024 1242 Ἀργείων
1036 1154 1092 1222 καί
1105 1159 1184 1241 τρά-
1278 1152 1279 1236 ί

175 1287 294 1330 πονται
326 1265 359 1342 ές
390 1267 468 1342 τοὺς
493 1259 676 1348 Ἐγχελέας,
708 1264 744 1328 οί
772 1259 809 1329 δὲ
836 1265 1019 1348 Γεφυραῖοι
1049 1262 1182 1328 ὑπολει-
1279 1314 1280 1404 χ

175 1369 319 1454 φθέντες
332 1371 473 1454 ὕστερον
486 1370 550 1436 ὑπὸ
565 1373 721 1435 Βοιωτῶν
735 1367 960 1452 ἀναχωρέουσι
974 1368 1007 1445 ές
1022 1365 1184 1451 Ἀθήνας·

175 1478 233 1540 καί
261 1492 321 1558 σφι
354 1475 408 1560 ίρά
435 1475 504 1540 ἐστι
532 1474 568 1539 έν
592 1471 754 1559 Ἀθήνησι
782 1473 957 1559 ἱδρυμένα,
984 1484 1052 1540 τών
1079 1471 1183 1540 οὐδὲν
1280 1549 1281 1556 ρ

176 1579 255 1664 μέτα
277 1590 364 1645 τοῖσι
385 1584 530 1644 λοιποῖσι
550 1577 771 1663 Ἀθηναίοισι,
795 1580 878 1644 ἄλλα
899 1601 934 1644 τε
956 1579 1183 1664 κεχωρισμένα

175 1695 242 1751 τῶν
269 1686 378 1750 ἄλλων
407 1685 489 1768 ίρών
515 1682 569 1750 καὶ
598 1685 639 1768 δὴ
661 1683 716 1750 καί
740 1679 883 1770 Ἀχαιίης
905 1687 1083 1771 Δήμητρος
1105 1686 1182 1770 ίρόν
1281 1685 1282 1732 3

176 1811 210 1854 τε
233 1788 287 1854 καί
310 1791 415 1874 ὄργια.

124 1915 156 1964 ιι
259 1892 304 1960 Ἡ
331 1893 391 1979 μὲν
420 1897 461 1980 δη
489 1899 565 1975 ὄφις
590 1905 650 1962 τοῦ
672 1893 850 1983 Ἱππάρχου
878 1898 1038 1964 ἐνυπνίου
1064 1895 1120 1962 καὶ
1148 1898 1186 1962 οί

176 2003 360 2086 Γεφυραῖοι
387 2003 470 2069 ὅθεν
498 2003 710 2087 ἐγεγόνεσαν,
733 2013 800 2068 τῶν
827 1999 913 2086 ἦσαν
941 2005 977 2070 οί
1000 2001 1182 2088 Ἱππάρχου

175 2105 304 2190 φονέες,
332 2106 498 2190 ἀπήγηταί
522 2127 591 2191 μοι·
624 2109 678 2172 δεῖ
698 2103 735 2172 δὲ
757 2107 839 2190 πρὸς
860 2107 1008 2173 τοώτοισι
1030 2110 1077 2174 ἔτι
1100 2108 1181 2173 άνα-

175 2215 290 2293 λαβεῖν
312 2213 371 2276 τὸν
393 2209 465 2276 κατ’
492 2212 593 2297 άρχδις
612 2213 669 2295 ἤια
687 2209 789 2288 λέξων
807 2213 919 2294 λόγον,
943 2212 987 2289 ώς
1004 2213 1182 2298 τυράννων

176 2316 454 2399 ἐλευθερώθησαν
474 2311 654 2398 Ἀθηναῖοι.
691 2313 822 2382 Ἱππίεω
845 2319 1107 2400 τυραννεύοντος
1124 2317 1182 2384 καί

175 2421 472 2506 ἐμπικραινομένου
483 2419 689 2503 Ἀθηναίοισι
703 2422 758 2486 διά
771 2423 830 2487 τὸν
841 2419 1019 2509 Ἱππάρχου
1028 2424 1182 2491 θάνατον

171 2525 417 2609 Ἀλκμεωνίδαι,
431 2525 528 2609 γένος
539 2526 648 2603 ἐόντες
658 2521 830 2611 Ἀθηναῖοι
843 2526 898 2592 καὶ
911 2531 1091 2613 φεύγοντες
1100 2536 1182 2597 Πει-

175 2631 398 2716 σιστρατίδας,
426 2630 530 2696 έπείτε
553 2647 614 2714 σφι
640 2631 706 2716 άμα
732 2643 819 2698 τοῖσι
841 2634 971 2699 ἄλλοισι
989 2634 1182 2718 Ἀθηναίων

175 2737 300 2822 φυγάσι
332 2734 564 2821 πειρωμένοισι
591 2739 671 2802 κατά
697 2739 734 2803 τὸ
763 2739 900 2824 ἰσχυρὸν
928 2741 969 2805 οὐ
995 2743 1182 2828 προεχώρεε

177 2841 353 2924 [κάτοδος],
377 2840 460 2906 άλλά
481 2840 702 2927 προσέπταιον
725 2843 872 2928 μεγάλως
889 2847 1088 2931 πειρώμενοι
1105 2871 1179 2913 κατ·

176 2946 261 3012 ιέναι
284 2969 318 3010 τε
346 2943 401 3011 καὶ
424 2946 625 3033 ἐλευθεροῦν
648 2947 705 3025 τίς
729 2943 885 3032 Ἀθήνας,
911 2952 1119 3036 Λειψύδριον
1141 2955 1180 3018 τὸ

175 3049 258 3137 ὑπὲρ
285 3055 448 3136 Παιονίης
474 3055 685 3137 τειχίσαντες,
714 3053 860 3120 ἐνθαῦτα
888 3056 923 3120 οί
944 3053 1180 3142 Ἀλκμεωνίδαι

175 3167 241 3224 πᾶν
260 3157 313 3224 ἐπὶ
326 3169 413 3226 τοῖσι
427 3161 716 3244 Πεισιστρατίδῃσι
730 3161 960 3245 μηχανώμενοι
973 3160 1050 3246 παρ’
1064 3160 1179 3249 Ἀμφι-

175 3266 326 3330 κτυόνων
353 3267 412 3330 τὸν
437 3266 521 3347 νηὸν
549 3270 748 3348 μισθοῦνται
775 3267 834 3331 τὸν
857 3266 893 3332 έν
916 3273 1095 3352 Δελφοῖσι,
1118 3272 1179 3336 τὸν

176 3379 241 3437 νῦν
264 3370 376 3454 ἐόντα,
399 3373 472 3436 τότε
495 3368 532 3435 δὲ
556 3370 654 3451 οὔκω,
677 3378 797 3436 τοῦτον
819 3369 1076 3456 ἐξοικοδομῆσαι.
1123 3368 1178 3441 οία

177 3471 214 3542 δέ
244 3476 418 3562 χρημάτων
451 3468 489 3540 εὖ
519 3474 654 3558 ἥκοντες
680 3473 735 3538 καὶ
762 3475 870 3552 ἐόντες
897 3477 1015 3563 ἄνδρες
1047 3479 1178 3566 δόκιμοι
