2678 3968
400 269 552 324 LIB.V111.
589 270 665 325 cAP.
685 277 731 339 ιε,
747 275 851 342 β-ια,
1062 274 1128 339 283

129 414 404 495 Πελοποννήσου·
427 412 597 497 άρρώδεον
620 414 667 498 δέ,
692 417 750 480 ὅτι,
765 414 859 481 αὐτοὶ
879 413 940 501 μὲν
963 416 1000 482 ἐν
1018 422 1128 482 Σαλα-

129 527 200 601 μῖνι
231 520 407 601 κατήμενοι
437 515 520 603 ὑπὲρ
551 529 611 604 γής
637 529 694 604 τῆς
717 519 905 604 Ἀθηναίων
931 521 1128 607 ναυμαχέειν

129 621 289 706 μέλλοιεν,
303 622 496 706 νικηθέντες
508 646 543 689 τε
557 625 594 690 ἐν
606 627 698 714 νήσφ
710 625 982 710 ἀπολαμφθέντες
994 632 1127 713 πολιορ-

128 731 296 811 κήσονται,
315 728 450 806 ἀπέντες
461 731 523 814 τήν
537 728 669 795 ἑωυτῶν
683 730 882 814 ἀφύλακτον.
917 742 984 796 τῶν
999 728 1035 798 δὲ
1049 735 1127 816 βαρ-
1147 750 1179 798 ιι

128 833 241 917 βάρων
260 833 278 898 ὁ
292 835 386 912 πεζὸς
403 834 467 900 ὑπὸ
480 836 542 919 τήν
559 845 749 920 παρεοῦσαν
766 837 870 902 νύκτα
887 836 1061 922 ἐπορεύετο
1075 835 1128 902 ἐπὶ

12 935 13 996 λ
127 940 189 1022 τήν
207 941 480 1022 Πελοπόννησον·
503 944 610 1006 καίτοι
631 943 671 1007 τὰ
694 944 819 1007 δυνατὰ
841 943 947 1008 πάντα
970 941 1128 1026 ἐμεμηχά-

128 1066 209 1126 νητο
241 1044 326 1121 ὅκως
355 1039 426 1109 κατ’
459 1047 596 1131 ήπειρον
622 1048 666 1131 μή
694 1046 866 1131 ἐσβάλοιεν
893 1048 929 1112 οἱ
957 1047 1128 1132 βάρβαροι.

129 1150 173 1226 ὡς
199 1151 262 1234 γάρ
290 1150 455 1216 ἐπύθοντο
482 1153 616 1236 τάχιστα
644 1157 911 1236 Πελοποννήσιοι
939 1155 1017 1229 τοὺς
1044 1151 1128 1237 άμφὶ

128 1257 304 1339 Λεωνίδην
339 1256 376 1322 ἐν
407 1258 639 1342 Θερμοπύλῃσι
673 1257 952 1341 τετελευτηκέναι,
985 1259 1129 1342 συνδρα-

128 1364 246 1446 μόντες
268 1361 304 1426 ἐκ
325 1372 392 1426 τῶν
413 1366 540 1428 πολίων
562 1362 596 1440 ἐς
616 1364 676 1428 τὸν
692 1360 829 1447 Ἰσθμὸν
849 1364 969 1447 ἵζοντο,
992 1367 1050 1428 καί
1067 1379 1128 1448 σφι

129 1467 211 1552 ἐπήν
238 1469 419 1551 στρατηγὸς
439 1471 670 1553 Κλεόμβροτος
697 1469 714 1534 ὁ
740 1463 1015 1554 Ἀναξανδρίδεω,
1037 1474 1128 1534 Λεω-

128 1573 228 1637 νίδεω
261 1568 298 1636 δὲ
329 1572 496 1657 ἀδελφεός.
543 1574 686 1658 ἱζόμενοι
717 1570 754 1640 δὲ
785 1574 822 1639 ἐν
852 1582 897 1661 τῷ
924 1569 1046 1661 Ἰσθμῷ
1073 1572 1128 1638 καί

129 1678 358 1764 συγχώσαντες
379 1678 440 1761 τήν
457 1680 648 1763 Σκιρωνίδα
671 1679 764 1762 ὁδόν,
787 1681 867 1764 μετά
884 1687 982 1744 τοῦτο
1006 1679 1050 1755 ὥς
1068 1695 1128 1761 σφι

130 1784 221 1862 ἔδοξε
257 1781 545 1867 βουλευομένοισι,
582 1785 776 1868 οἰκοδόμεον
813 1785 868 1849 διὰ
903 1793 963 1849 τοῦ
991 1781 1129 1868 Ἰσθμοῦ

129 1900 242 1974 τεῖχος.
279 1888 335 1952 άτε
357 1884 394 1952 δέ
416 1886 561 1953 ἐουσέων
579 1889 750 1974 μυριάδων
768 1887 917 1954 πολλέων
934 1887 990 1954 καὶ
1007 1891 1130 1966 παντὸς

130 1996 252 2080 ἀνδρὸς
283 1992 503 2077 ἐργαζομένου
528 1995 625 2076 ήνετο
652 1995 689 2058 τὸ
718 1997 830 2078 ἔργον·
861 1993 915 2058 καί
946 1995 1009 2077 γὰρ
1037 1997 1128 2058 λίθοι

129 2100 184 2168 καὶ
215 2103 352 2165 πλίνθοι
381 2097 437 2164 καὶ
467 2098 549 2178 ξύλα
579 2096 635 2164 καὶ
667 2097 791 2184 φορμοὶ
822 2100 958 2183 ψάμμου
992 2100 1131 2183 πλήρεες

130 2205 362 2291 ἐσεφορέοντο,
393 2202 448 2268 καί
477 2203 611 2269 ἐλίνυον
643 2203 765 2268 ούδένα
792 2206 914 2288 χρόνον
944 2203 980 2269 ol
1003 2206 1130 2288 βοηθή·

130 2331 246 2388 σαντες
273 2311 496 2395 ἐργαζόμενοι,
524 2310 600 2374 οὔτε
621 2311 741 2386 νυκτὸς
763 2310 839 2374 ούτε
860 2307 991 2393 ἡμέρης.
1037 2310 1072 2374 oc
1092 2307 1129 2375 δὲ
1148 2327 1182 2377 τε

131 2419 358 2502 βοηθήσαντες
384 2414 418 2491 ἐς
440 2415 500 2479 τὸν
518 2411 654 2498 Ἰσθμὸν
676 2411 840 2498 πανδημεί
863 2414 933 2479 οἵδε
955 2409 1041 2497 ήσαν
1059 2412 1129 2480 Ἑλ-

130 2525 257 2606 λήνων,
288 2520 549 2608 ᾼακεδαιμόνιοί
576 2543 611 2584 τε
645 2517 701 2584 καὶ
733 2517 886 2605 Ἀρκάδες
921 2521 1040 2598 πάντες
1074 2520 1129 2586 καί

127 2625 249 2694 Ἠλεῖοι
276 2623 331 2692 καὶ
352 2627 532 2709 Κορίνθιοι
558 2621 613 2688 καὶ
638 2625 820 2689 Σικυώνιοι
846 2623 900 2689 καὶ
924 2623 1129 2708 Ἐπιδαύριοι

130 2732 185 2798 καὶ
218 2731 371 2797 Φλιάσιοι
401 2727 456 2793 καί
491 2731 677 2814 Τροιζήνιοι
711 2723 766 2794 καὶ
792 2727 986 2814 Ἑρμιονέες.
1037 2725 1129 2796 οὗτοι

131 2837 191 2923 μέν
226 2833 312 2921 ήσαν
346 2835 381 2900 οί
409 2836 637 2918 βοηθήσαντες
667 2832 721 2898 καὶ
753 2833 1060 2919 ὑπεραρρωδέοντες
1090 2844 1129 2919 τῇ

125 2942 258 3009 Ἑλλάδι
288 2941 547 3025 κινδυνευούσῃ·
577 2950 664 3004 τοῖσι
695 2935 733 3004 δὲ
760 2939 889 3003 άλλοισι
917 2941 1130 3022 Πελοποννη-

130 3053 233 3115 σίοισι
264 3050 356 3132 ἔμελε
389 3044 497 3111 οὐδέν.
539 3041 697 3128 Ὀλύμπια
728 3039 765 3109 δὲ
792 3040 846 3108 καί
873 3042 1020 3127 Κάρνεια
1048 3066 1130 3126 παρ-

131 3155 263 3240 οιχώκεε
285 3154 358 3236 ήδη.

220 3258 328 3324 Οἰκέει
351 3254 388 3322 δὲ
405 3259 468 3340 τήν
481 3258 742 3338 Πελοπόννησον
760 3256 861 3318 ἔθνεα
880 3252 967 3319 ἑπτά.
1002 3254 1130 3319 τούτων
1150 3272 1182 3320 ⁷3
1301 3237 1302 3240 Ἴ
1324 3267 1325 3274 ’

131 3361 169 3429 δὲ
196 3366 235 3428 τά
262 3360 321 3448 μὲν
349 3363 411 3427 δύο
435 3362 624 3445 αύτόχθονα
647 3359 744 3425 ἐόντα
766 3360 847 3423 κατά
864 3360 975 3444 χώρην
998 3359 1129 3444 ἵδρυται

130 3478 196 3534 νῦν
213 3477 252 3553 πή
269 3465 324 3532 καὶ
341 3469 378 3532 τὸ
392 3468 493 3531 ιιάλαι
507 3471 626 3547 οίκεον,
643 3461 796 3550 Ἀρκάδες
809 3487 843 3530 τε
863 3463 917 3530 καὶ
931 3465 1129 3549 Κυνούριοι·
