2678 3968
401 301 467 356 ΜΒ.
482 301 555 356 vm.
592 301 843 358 cmm-136.
1065 297 1131 365 315

127 455 216 526 τρεῖς
238 443 302 510 άπὸ
324 454 385 511 τοῦ
407 455 523 511 κοινοῦ
547 446 591 522 ὡς
610 444 905 530 ἀπογραψομένους
923 446 963 509 τά
980 450 1132 510 θεσπιείν

128 552 257 633 ἔμελλε,
285 549 340 616 καί
367 554 507 636 πρόκατε
534 553 594 616 τὸν
616 553 799 635 πρόμαντιν
822 551 977 637 βαρβάρῳ
1000 552 1132 634 γλώσσῃ

128 664 222 740 χρᾶν.
268 655 323 721 καί
350 660 429 734 τούς
451 654 512 742 μὲν
535 655 717 740 ἑπομένους
738 667 805 720 τῶν
828 659 983 738 Θηβαίων
1006 655 1042 720 ἐν
1065 656 1133 720 θώ-

128 783 207 846 ματι
225 764 361 846 ἔχεσθαι
380 763 561 840 ἀκούοντας
578 763 750 848 βαρβάρου
768 763 918 845 γλώσσης
935 758 1008 825 ἀντί
1022 757 1134 825 Ἑλλά-

129 868 203 949 δος,
222 865 303 933 οὐδὲ
321 871 408 953 ἔχειν
428 869 446 934 ὅ
464 892 496 934 τι
514 870 701 953 χρήσωνται
718 877 762 955 τῷ
781 870 938 951 παρεόντι
956 867 1134 951 πρήγματι·

125 974 189 1038 τὸν
219 969 256 1038 δὲ
283 972 446 1058 Εὐρωπέα
468 978 550 1040 Μῦν
578 973 805 1058 ἐξαρπάσαντα
831 969 908 1057 παρ’
938 971 1049 1036 αὐτῶν
1074 971 1135 1052 τήν

130 1076 291 1164 ἐφέροντο
316 1079 442 1163 δέλτον,
465 1081 506 1146 τδ
523 1082 684 1164 λεγόμενα
701 1080 766 1144 ὑπὸ
784 1088 845 1144 τοῦ
863 1077 1038 1162 προφήτεω
1057 1075 1135 1160 γρά·

127 1209 209 1269 φειν
240 1185 274 1262 ές
306 1185 424 1268 αὐτήν,
457 1185 560 1269 φάναι
593 1182 629 1249 δέ
656 1188 765 1270 Καρίῃ
794 1208 851 1269 μιν
882 1183 1014 1268 γλώσσῃ
1041 1189 1134 1266 χρᾶν,

129 1291 411 1374 συγγραψάμενον
448 1289 485 1356 δὲ
521 1297 672 1376 οίχεσθαι
703 1290 842 1356 ἀπιόντα
878 1289 912 1365 ές
942 1289 1136 1369 Θεσσαλίην.

131 1397 328 1481 Μαρδόνιος
360 1393 397 1462 δὲ
424 1396 651 1481 ἐπιλεξάμενος
682 1397 755 1462 ὅτι
783 1397 824 1479 δή
853 1394 992 1478 λέγοντα
1023 1389 1066 1476 ην
1088 1393 1128 1457 τά
1139 1408 1188 1458 136

129 1503 328 1588 χρηστήρια,
361 1503 441 1586 μετὰ
471 1512 573 1567 ταῦτα
605 1505 728 1586 έπεμψε
759 1503 900 1584 άγγελον
932 1501 966 1577 ές
993 1496 1137 1581 Ἀθήνας

127 1606 347 1690 Ἀλέξανδρον
368 1608 428 1673 τὸν
448 1603 612 1691 Ἀμύντεω
636 1608 743 1692 άνδρα
765 1608 962 1688 Μακεδόνα,
987 1605 1053 1689 ἅμα
1076 1599 1137 1688 μέν

130 1715 184 1780 ὅτι
213 1714 248 1779 οί
268 1711 468 1797 προσκηδέες
496 1714 532 1778 οί
552 1711 679 1795 Πέρσαι
706 1708 792 1795 ἦσαν
819 1709 1051 1797 (Ἀλεξάνδρου
1073 1710 1136 1793 γάρ

131 1819 300 1901 ἀδελφεήν
323 1819 486 1900 Γυγαίην,
507 1814 671 1901 Ἀμύντεω
696 1815 733 1882 δὲ
755 1816 940 1901 θυγατέρα,
963 1816 1138 1899 Βουβάρης

132 1924 219 2008 ἀνὴρ
244 1922 376 2007 Πέρσης
401 1925 489 2006 ἔσχε,
512 1922 548 1987 έκ
570 1932 627 2005 τῆς
651 1923 686 1988 οί
706 1925 854 2005 ἐγεγόνεε
877 1919 1036 2006 Ἀμύντης
1059 1920 1077 1985 ὁ
1101 1919 1137 1985 ἐν

132 2038 174 2113 τῃ
193 2026 300 2112 Ἀσίῃ,
328 2031 412 2113 ἔχων
435 2029 472 2092 τὸ
501 2029 629 2112 οὐνομα
656 2038 716 2094 τοῦ
739 2029 999 2113 μητροπάτορος,
1026 2035 1072 2115 τῷ
1096 2028 1137 2111 δή

135 2134 173 2200 έκ
190 2133 342 2217 βασιλέος
357 2143 414 2217 τῆς
430 2137 579 2219 Φρυγίης
593 2133 696 2216 ἐδόθη
708 2132 894 2216 Ἀλάβανδα
907 2135 1002 2210 πόλις
1015 2133 1137 2217 μεγάλη

134 2237 326 2325 νέμεσθαι),
354 2240 420 2323 δίμα
450 2235 487 2304 δὲ
509 2238 527 2308 ὁ
550 2239 747 2323 Μαρδόνιος
769 2241 960 2322 πυθόμενος
987 2240 1037 2304 ότι
1059 2241 1138 2323 πρό·

138 2343 243 2422 ξεινός
255 2367 290 2408 τε
308 2349 358 2427 είη
376 2342 431 2408 καί
450 2343 621 2428 εὐεργέτης
639 2344 656 2409 ὁ
672 2341 885 2428 Ἀλέξανδρος
903 2347 1031 2428 ἔπεμπε.
1060 2347 1139 2422 τούς

136 2450 201 2533 γάρ
225 2446 424 2532 Ἀθηναίους
452 2450 537 2514 οὕτω
565 2450 675 2516 ἐδόκεε
701 2451 839 2534 μάλιστα
860 2453 1138 2534 προσκτήσεσθαι,

139 2555 224 2619 λεών
246 2579 281 2620 τε
302 2556 427 2620 πολλὸν
450 2555 514 2638 άρα
536 2555 668 2620 άκούων
690 2551 776 2621 εἶναι
798 2553 852 2621 καί
875 2557 1023 2640 ἄλκιμον,
1046 2557 1086 2619 τά
1104 2578 1138 2621 τε

138 2661 220 2724 κατὰ
248 2662 309 2743 τήν
337 2660 511 2724 θάλασσαν
538 2663 745 2744 συντυχόντα
772 2677 832 2744 σφι
859 2663 1038 2744 παθήματα
1064 2683 1136 2724 κατ-

138 2764 383 2850 εργασαμένους
412 2765 550 2848 μάλιστα
579 2763 778 2849 Ἀθηναίους
804 2765 964 2830 ἐπίστατο.
1011 2767 1139 2830 τούτων

142 2868 180 2935 δὲ
202 2869 477 2955 προσγενομένων
504 2873 674 2953 κατήλπιζε
702 2870 860 2946 εὐπετέως
887 2879 944 2954 τῆς
969 2871 1140 2953 θαλάσσης

23 3063 27 3068 Ι
139 2978 328 3060 κρατήσειν,
355 2976 395 3041 τά
417 2997 478 3059 περ
506 2975 548 3041 δν
574 2975 628 3041 καὶ
656 2972 713 3059 ἦν,
740 2979 817 3060 πεζή
839 2999 874 3040 τε
897 2975 1007 3041 ἐδόκεε
1029 2980 1139 3064 πολλῷ

141 3077 226 3145 εἶναι
256 3080 419 3166 κρέσσων·
456 3081 543 3146 οὐτω
573 3105 608 3148 τε
639 3081 798 3164 ἐλογίζετο
830 3079 1018 3166 κατύπερθέ
1042 3081 1077 3146 οί
1100 3084 1140 3146 τά

140 3188 312 3269 πρήγματα
340 3189 475 3252 ἔσεσθαι
501 3198 568 3250 τῶν
591 3183 801 3270 Ἑλληνικῶν.
845 3186 926 3270 τάχα
954 3184 984 3251 δ’
1016 3185 1057 3252 άν
1085 3185 1140 3252 καὶ

140 3292 181 3354 τὰ
202 3295 382 3375 χρηστήρια
399 3293 501 3356 ταύτά
524 3293 558 3356 οί
578 3292 743 3377 προλέγοι,
767 3293 1037 3376 συμβουλεύοντα
1060 3294 1140 3377 σύμ-

141 3418 248 3478 μαχον
274 3397 333 3462 τὸν
352 3391 532 3479 Ἀθηναῖον
555 3397 740 3463 ποιέεσθαι·
769 3409 854 3464 τοῖσι
878 3400 919 3482 δή
942 3402 1140 3485 πειθόμενος

15 3507 16 3519 ’
141 3503 272 3584 ἔπεμπε.
