2640 3960
362 272 428 328 ΜΒ.
443 273 489 327 v1.
526 273 601 330 οεΡ.
622 279 775 330 131-135.
1015 276 1075 342 131

78 424 140 482 τοῦ
161 418 294 502 τείχεος,
316 425 414 483 τοῦτο
438 417 504 502 άμα
526 413 620 482 νυκτὶ
643 416 803 503 ἐξηείρετο
827 420 999 502 διπλήσιον
1017 429 1077 485 τοῦ

78 521 228 606 ἀρχαίου.
273 522 306 598 ἐς
337 520 398 607 μὲν
428 523 469 606 δή
501 531 639 588 τοσοῦτο
670 531 731 588 τοῦ
762 526 863 606 λόγου
891 525 926 588 οί
949 525 1067 602 πάντες
1078 543 1127 592 134

79 626 239 710 Ἕλληνες
261 626 404 711 λέγουσι,
427 628 464 694 τδ
488 626 645 693 ἐνθεῦτεν
669 624 706 693 δέ
728 626 821 694 αὐτοὶ
845 631 967 713 Πάριοι
988 629 1077 713 γενέ·

77 738 160 798 σθαι
196 727 261 798 ὦδε
297 731 446 816 λέγουσι·
483 734 650 820 Μιλτιάδῃ
687 733 861 817 ἀπορέοντι
896 734 1008 800 ἐλθεῖν
1044 735 1076 813 ἐς

76 841 199 922 λόγους
225 839 431 922 αίχμάλωτον
457 849 615 923 γυναῖκα,
643 838 764 905 ἐοῦσαν
787 837 847 924 μὲν
871 842 1002 924 Παρίην
1024 839 1064 924 γέ
1075 882 1077 886 -

76 966 146 1027 νος,
169 944 297 1029 οὔνομα
320 943 359 1010 δέ
379 945 415 1010 οί
435 939 520 1010 εἶναι
545 949 681 1030 Τιμοῦν,
705 941 791 1012 εἶναι
813 942 850 1011 δέ
872 945 1076 1031 ὑποζάκορον

75 1060 144 1115 τῶν
170 1053 320 1134 χθονίων
344 1056 446 1115 θεῶν.
490 1051 614 1134 ταύτην
643 1051 810 1117 ἐλθοῦσαν
833 1051 866 1129 ἐς
888 1053 966 1130 όήιιν
989 1055 1076 1116 Μιλ-

76 1155 195 1220 τιάδεω
219 1157 478 1240 συμβουλεῦσαι,
501 1157 533 1222 εί
553 1153 627 1242 περὶ
649 1162 774 1222 πολλοῦ
796 1156 939 1222 ποιέεται
960 1157 1075 1242 Πάρον

77 1259 175 1344 ἑλεῖν,
198 1261 238 1325 τά
261 1259 303 1325 ἀν
325 1261 407 1344 αὐτή
431 1261 607 1345 ὑποθῆται,
630 1271 732 1328 ταῦτα
753 1261 886 1328 ποιέειν.
930 1264 1010 1347 μετά
1039 1258 1076 1328 δὲ

64 1362 138 1450 ’τήν
165 1363 226 1451 μὲν
253 1365 457 1449 ὑποθέσθαι,
484 1368 543 1432 τὸν
572 1365 608 1433 δὲ
631 1369 844 1454 διερχόμενον
867 1366 919 1434 έπὶ
940 1370 999 1434 τὸν
1021 1392 1076 1435 κο-

77 1473 187 1540 λωνδν
217 1474 277 1537 τὸν
305 1472 369 1558 πρὸ
400 1481 457 1556 τής
487 1475 601 1550 πόλιος
634 1474 730 1539 ἐόντα
760 1475 797 1540 τδ
830 1473 924 1560 ἕρκος
954 1481 1076 1558 θεσμο·

78 1580 187 1663 φόρου
205 1579 382 1664 Δήμητρος
399 1578 611 1664 ὑπερθορεῖν,
630 1579 671 1646 οὐ
691 1580 877 1664 δυνάμενον
893 1580 951 1657 τὰς
968 1581 1076 1665 θύρας

79 1683 222 1767 ἀνοῖξαι,
254 1683 486 1770 ὑπερθορόντα
513 1681 550 1750 δὲ
578 1682 663 1751 ίέναι
691 1682 742 1750 ἐπὶ
768 1686 805 1751 τὸ
833 1684 977 1770 μέγαρον
1004 1684 1022 1751 ὅ
1044 1708 1076 1749 τι

78 1791 119 1874 δή
143 1791 324 1873 ποιήσοντα
351 1789 458 1873 ἐντός,
486 1795 550 1854 είτε
571 1789 748 1874 κινήσοντά
770 1813 802 1856 τι
823 1801 890 1856 τῶν
913 1790 1076 1872 ἀκινήτων

0 1937 6 1970 =,
78 1901 142 1960 είτε
161 1896 180 1961 ὅ
198 1917 230 1959 τι
249 1897 290 1979 δή
306 1917 381 1964 κοτε
398 1893 577 1982 πρήξοντα·
599 1897 682 1980 πρὸς
698 1903 772 1980 τῇσι
789 1895 918 1982 θόρχσί
932 1919 967 1960 τε
986 1893 1076 1979 γενέ-

78 2007 160 2066 σθαι
193 1998 248 2066 καὶ
279 2003 419 2088 πρόκατε
451 2004 570 2087 φρίκης
597 2000 699 2066 αὑτὸν
730 2001 940 2085 ὑπελθούσης
971 2000 1074 2066 ὀπίσω

1 2093 2 2106 ’
77 2107 139 2191 τήν
162 2106 266 2192 αὑτήν
288 2106 369 2174 ὁδὸν
391 2107 517 2190 ἵεσθαι,
540 2108 818 2193 καταθρώσκοντα
840 2103 878 2172 δέ
899 2108 959 2190 τήν
982 2107 1076 2191 αἱμα-

1 2299 2 2308 ¹
78 2213 156 2296 σιήν
186 2213 245 2278 τὸν
277 2213 383 2299 μηρὸν
415 2220 614 2296 σπασθῆναι.
661 2213 696 2280 ολ
725 2209 761 2278 δὲ
793 2212 895 2278 αὐτὸν
926 2213 962 2276 τὸ
992 2214 1075 2296 γόνυ

77 2329 298 2404 προσπταῖσαι
329 2317 471 2402 λέγουσι.
515 2317 702 2403 Μιλτιάδης
732 2316 793 2402 μέν
819 2342 883 2384 νυν
912 2318 1067 2403 φλαύρως
1078 2335 1126 2385 13σ

78 2428 164 2509 ἔχων
185 2423 323 2490 ἀπέπλεε
345 2423 464 2507 ὀπίσω,
492 2424 569 2492 οὔτε
590 2425 737 2511 χρήματα
756 2419 963 2508 Ἀθηναίοισι
985 2424 1075 2506 άγων

78 2531 155 2596 οὔτε
178 2529 295 2615 Πάρον
317 2528 617 2614 προσκτησάμενος,
642 2528 723 2595 ἀλλά
744 2530 963 2615 πολιορκήσας
984 2550 1020 2594 τε
1042 2527 1075 2606 ’ἐξ

78 2633 133 2702 καὶ
157 2641 260 2702 είκοσι
282 2634 404 2721 ἡμέρας
424 2634 479 2702 καλ
502 2635 646 2720 δηιώσας
667 2638 728 2720 τήν
750 2645 863 2720 νήσου.
900 2634 1020 2720 Πάριοι
1038 2630 1076 2698 δὲ

78 2743 265 2825 πυθόμενοι
295 2741 340 2819 ὡς
370 2742 391 2826 ή
423 2741 623 2827 ὑποζάκορος
653 2752 720 2807 τῶν
751 2747 842 2808 θεῶν
873 2741 961 2824 Τιμὼ
988 2742 1075 2804 Μιλ-

78 2846 173 2932 τιάδη
196 2848 412 2932 κατηγήσατο,
436 2848 637 2932 βουλόμενοί
656 2870 713 2932 μιν
735 2843 809 2912 ἀντὶ
830 2845 957 2909 τούτων
979 2865 1076 2926 τιμω-

80 2953 247 3036 ρήσασθαι
264 2953 475 3037 θεοπρόπους
491 2950 655 3036 πέμπουσι
674 2951 706 3029 ές
724 2951 890 3034 Δελφούς,
911 2948 955 3023 ὣς
973 2961 1076 3030 σφεας

78 3056 198 3142 ἡσυχίη
229 3064 287 3141 τῆς
317 3059 508 3142 πολιορκίης
541 3059 629 3142 ἔσχε·
665 3059 808 3141 ἔπεμπον
840 3049 878 3118 δὲ
909 3049 1075 3135 ἐπειρησο·

78 3161 201 3246 μένους
227 3163 258 3228 εί
282 3164 550 3248 καταχρήσωνται
574 3163 636 3246 τήν
662 3160 866 3244 ὑποζάκορον
892 3167 959 3221 τῶν
985 3161 1076 3222 θεῶν

1 3295 2 3322 1
78 3268 139 3351 τήν
162 3266 408 3352 ἐξηγησαμένην
429 3277 515 3333 τοῖσι
538 3267 688 3353 ἐχθροῖσι
705 3273 761 3349 τῆς
778 3263 934 3349 πατρίδος
952 3262 1075 3328 ἅλωσιν

78 3371 133 3438 καλ
159 3373 201 3440 τά
228 3373 261 3450 ές
284 3375 401 3458 ἐρσενα
422 3375 525 3457 γόνον
553 3374 676 3459 άρρητα
700 3371 753 3456 ίρά
776 3369 966 3454 έκφήνασαν
992 3373 1075 3434 Μιλ-

77 3480 185 3566 τιάδη.
230 3477 251 3561 ή
279 3474 316 3544 δὲ
338 3480 454 3561 Πυθίη
482 3477 543 3544 οὐκ
570 3479 622 3560 ἔα,
655 3485 744 3562 φᾶσα
772 3476 812 3542 οὐ
839 3478 962 3559 Τιμοῦν
990 3467 1075 3540 εἶναι

828 3577 864 3629 9*
