2640 3960
203 259 266 324 106
448 303 453 318 ,
610 257 796 313 HERODOTI

148 418 182 468 85
293 404 554 487 Τελευτήσαντος
577 399 613 467 δέ
636 400 838 486 Κλεομένεος
860 400 905 478 ὡς
927 399 1093 466 ἐπύθοντο
1112 398 1206 480 Αίγι-

200 517 306 591 νήται,
330 509 474 593 ἔπεμπον
497 509 530 585 ἐς
547 509 706 593 Σπάρτην
729 506 888 590 ἀγγέλους
909 501 1206 588 καταβωσομένους
1307 513 1308 520 ’

201 615 411 698 Λευτυχίδεω
438 613 513 699 περὶ
541 625 608 680 τῶν
632 613 668 680 έν
688 608 847 698 Ἀθήνῃσι
870 611 1004 697 ὁμήρων
1028 608 1205 695 ἐχομένων.

201 720 458 804 Λακεδαιμόνιοι
488 717 525 787 δὲ
555 722 767 803 δικαστήριον
791 721 1034 801 συναγαγόντες
1052 719 1205 799 ἔγνωσαν

200 828 435 910 περιυβρίσθαι
454 828 633 910 Αἰγινήτας
650 825 714 891 ὑπὸ
734 826 953 908 Λευτυχίδεω,
976 826 1034 888 καί
1049 846 1107 907 μιν
1130 843 1206 886 κατ·
1309 848 1310 904 η

201 929 335 1014 έκριναν
354 933 490 997 ἔκδοτον
509 933 650 1013 ἀγεσθαι
669 931 702 1007 ἐς
716 936 859 1012 Αἴγιναν
877 927 951 994 ἀντὶ
969 940 1035 994 τῶν
1055 928 1092 995 ἐν
1107 922 1206 1008 Ἀθή-

200 1052 278 1120 νησι
296 1036 461 1121 ἐχομένων
479 1036 621 1122 ἀνδρῶν.
654 1038 842 1120 μελλόντων
861 1031 897 1102 δέ
916 1036 1008 1118 ἀγειν
1026 1045 1093 1098 τῶν
1109 1033 1206 1115 Λίγι·
1310 1072 1311 1112 χ

201 1139 328 1224 νητέων
350 1143 409 1207 τὸν
426 1143 630 1227 Λευτυχίδεα
653 1137 726 1207 εἶπέ
746 1156 807 1225 σφι
830 1143 992 1224 Θεασίδης
1014 1139 1032 1206 ὁ
1051 1136 1206 1222 Λεωπρέ-

201 1267 289 1328 πεος,
306 1247 370 1312 ἐὼν
385 1247 422 1313 ἐν
430 1248 566 1334 Σπάρτη
579 1247 663 1333 ἀνήρ
676 1248 822 1332 δόκιμος·
841 1251 883 1312 Τί
889 1247 1053 1330 βούλεσθε
1067 1243 1204 1325 ποιέειν,
1311 1294 1312 1336 χ

201 1352 320 1437 ἀνδρες
341 1355 529 1437 Αἰγινήταις
566 1355 625 1418 τὸν
647 1352 783 1436 βασιλέα
805 1363 872 1416 τῶν
894 1352 1130 1437 Σπαρτιητέων
1153 1352 1203 1414 ἐκ·

201 1458 301 1522 δοτον
314 1461 495 1543 γενόμενον
508 1458 573 1524 ὑπὸ
589 1469 656 1524 τῶν
670 1457 852 1540 πολιητέων
866 1459 972 1540 ἀγεινς
998 1459 1030 1522 εί
1041 1466 1106 1522 νῦν
1121 1456 1205 1541 ὀργῆ
1312 1516 1313 1538 ,

200 1564 379 1647 χρεώμενοι
400 1567 550 1647 ἔγνωσαν
568 1564 654 1629 οὕτω
673 1568 887 1648 Σπαρτιῆται,
911 1563 994 1639 ὅκως
1013 1561 1046 1641 ἐξ
1065 1560 1205 1647 ὑστέρης

92 1727 94 1730 .
200 1670 245 1752 μή
267 1691 299 1733 τι
321 1669 410 1753 ὑμῖν,
433 1669 476 1753 ήν
493 1678 595 1734 ταῦτα
612 1653 787 1755 πρήσσητε,
811 1669 1031 1754 πανώλεθρον
1048 1669 1151 1733 κακὸν
1171 1666 1205 1742 ἐς

199 1774 260 1856 τήν
284 1775 396 1860 χώρην
418 1774 588 1858 έσβάλωσι.
624 1783 725 1839 ταῦτα
749 1774 948 1850 ἀκούσαντες
970 1773 1006 1839 οί
1026 1775 1204 1856 Αἰγινῆται

200 1881 335 1963 ἔσχοντο
362 1889 419 1964 τῆς
446 1880 589 1964 ἀγωγῆς,
621 1879 780 1965 ὁμολογίῃ
808 1875 844 1945 δέ
872 1879 1052 1965 ἐχρήσαντο
1079 1879 1202 1963 τοιῆδε,
1311 1913 1314 1932 ι

200 1985 420 2070 ἐπισπόμενον
442 1987 646 2071 Λευτυχίδεα
673 1985 707 2062 ἐς
730 1982 873 2068 Ἀθήνας
900 1985 1085 2050 ἀποδοῦναι
1108 1986 1203 2067 Αίγι-
1240 2030 1243 2037 -

148 2109 181 2158 86
199 2093 316 2176 νήτησι
337 2095 416 2169 τοὺς
438 2093 570 2178 ἀνδρας.
607 2091 651 2168 ὡς
674 2087 710 2158 δὲ
733 2091 929 2175 ἀπικόμενος
946 2091 1153 2175 Λευτυχίδης
1171 2089 1203 2167 ἐς

199 2197 256 2272 τάς
275 2193 417 2280 Ἀθήνας
440 2197 570 2262 ἀπαίτεε
592 2198 653 2280 τήν
675 2198 888 2282 παραθήκην,
917 2196 952 2261 ολ
972 2191 1005 2261 δ’
1028 2193 1202 2279 Ἀθηναῖοι

199 2302 386 2385 προφάσιας
417 2294 527 2366 εἷλκον
554 2300 595 2366 οὐ
622 2303 819 2385 βουλόμενοι
846 2301 1045 2384 ἀποδοῦναι,
1080 2303 1204 2386 φάντες

201 2405 262 2469 δύο
294 2404 397 2488 σφέας
428 2405 541 2482 ἐόντας
572 2405 726 2488 βασιλέας
756 2407 970 2492 παραθέσθαι
1000 2405 1055 2473 καὶ
1087 2409 1128 2473 οὐ
1158 2409 1203 2473 δι-

164 2537 184 2573 α
201 2517 319 2575 καιοῦν
339 2517 385 2597 τῷ
409 2507 507 2597 ἑτέρω
530 2511 611 2575 ἀνευ
633 2519 693 2576 τοῦ
714 2509 827 2597 ἑτέρου
846 2512 1054 2578 ἀποδιδόναι·
1079 2513 1121 2579 οὐ
1140 2537 1204 2598 φα-

200 2613 310 2702 μένων
334 2611 370 2680 δδ
392 2614 578 2680 ἀποδώσειν
599 2626 666 2681 τῶν
686 2613 874 2700 Ἀθηναίων
892 2616 981 2696 ἔλεξέ
996 2635 1057 2703 σφι
1076 2625 1203 2685 Λευτυ·

199 2723 294 2808 χίδης
310 2721 402 2786 τάδε·
415 2711 454 2785 Ὦ
464 2715 646 2804 Ἀθηναῖοι,
666 2721 791 2787 ποιέετε
809 2719 870 2806 μὲν
888 2723 1024 2808 ὁκότερα
1037 2726 1204 2807 βούλεσθε

200 2829 308 2894 αὐτοί·
330 2824 385 2892 καὶ
407 2827 470 2912 γάρ
493 2825 707 2904 ἀποδιδόντες
728 2826 853 2893 ποιέετε
876 2829 950 2894 ὅσια
976 2827 1031 2894 καὶ
1054 2831 1098 2914 μή
1122 2831 1204 2898 ἀπο·
1314 2919 1315 2922 ¹

201 2936 356 3010 διδόντες,
374 2933 414 2998 τά
441 2931 573 2998 ἐναντία
599 2933 740 2998 τούτων·
768 2933 880 2998 ὁκοῖον
906 2933 1019 3018 μέντοι
1047 2958 1079 3000 τι
1102 2937 1140 3002 ἐν
1162 2947 1203 3023 τῆ

199 3039 335 3124 Σπάρτη
359 3040 562 3122 συνηνείχθη
585 3036 743 3121 γενέσθαι
760 3036 835 3120 περὶ
853 3043 1058 3125 παραθήκης,
1081 3045 1203 3125 βούλο-

195 3168 257 3228 μαι
276 3143 355 3228 ὑμῖν
374 3138 469 3209 εἶπαι.
506 3142 644 3227 λέγομεν
661 3143 753 3228 ἡμεῖς
771 3144 806 3209 οί
821 3148 1024 3230 Σπαρτιῆται
1042 3147 1204 3230 γενέσθαι

99 3305 101 3310 .
200 3249 236 3314 έν
263 3257 301 3332 τῆ
324 3235 548 3331 Λακεδαίμονι
573 3249 656 3314 κατὰ
681 3252 793 3334 τρίτην
815 3251 933 3333 γενεήν
959 3252 1021 3335 τήν
1043 3251 1098 3317 ἀπ’
1125 3255 1203 3339 ἐμέο

200 3356 353 3418 Γλαῦκον
373 3349 562 3429 Ἐπικύδεος
583 3355 694 3418 παῖδα.
738 3363 858 3420 τοῦτον
879 3357 938 3420 τὸν
961 3358 1068 3443 ἄνδρα
1090 3358 1203 3444 φαμὲν

198 3459 239 3524 τά
270 3481 305 3523 τε
336 3458 419 3522 ἀλλα
449 3457 554 3522 πάντα
581 3461 748 3540 περιήκειν
778 3460 818 3523 τά
848 3470 960 3541 πρῶτα
988 3460 1043 3526 καὶ
1072 3464 1113 3548 δή
1146 3465 1204 3532 καί
