2678 3970
185 225 251 288 204
599 223 785 278 HERODOTI

186 367 382 452 αἱρετώτερα
410 362 496 432 εἶναι
523 373 649 452 μᾶλλον
676 367 697 450 ή
724 368 764 432 τά
785 377 852 433 τῶν
874 368 1126 452 χρησμολόγων,
1156 369 1192 432 οἳ

186 473 248 537 ούκ
278 475 342 538 ἔων
374 478 561 559 ναυμαχίην
588 472 779 560 ἀρτέεσθαι,
810 475 848 538 τὸ
876 470 914 538 δέ
940 474 1072 558 σύμπαν
1099 466 1190 538 εἶπαι

187 575 267 643 οὐδὲ
289 590 399 666 χεῖρας
421 580 665 667 ἀνταείρεσθαι,
689 579 771 645 ἀλλά
789 579 980 656 ἐκλιπόντας
997 580 1109 664 χώρην
1127 579 1191 662 τήν

136 682 341 768 ιιιἏττικήν
372 688 476 770 ἀλλην
502 688 577 752 τινά
604 688 745 766 οἰκίζειν.
795 683 887 769 ἑτέρη
913 707 949 750 τε
976 683 1194 768 Θεμιστοκλέι·

186 792 300 875 γνώμη
321 793 488 877 ἔμπροσθε
506 793 626 874 ταύτης
643 791 677 868 ἐς
693 792 810 874 καιρὸν
824 791 1006 874 ἠρίστευσε,
1026 791 1079 856 ὅτε
1089 789 1192 874 Ἀθη·
1320 839 1323 886 ¹.

185 901 310 963 ναίοισι
336 898 528 983 γενομένων
554 899 729 984 χρημάτων
756 897 906 981 μεγάλων
938 896 975 962 ἐν
1001 897 1047 984 τῷ
1074 905 1191 984 κοινῷ,

186 1005 226 1068 τά
249 1003 285 1068 ἐκ
302 1013 369 1068 τῶν
388 1004 557 1088 μετάλλων
576 1021 637 1088 σφι
654 1008 824 1089 προσῆλθε
842 1013 908 1066 τῶν
927 1002 989 1068 ἀπὸ
1008 1005 1191 1088 Λαυρείου,

187 1113 324 1190 ἔμελλον
343 1107 500 1186 λάξεσθαι
518 1109 662 1193 ὀρχηδὸν
681 1108 815 1184 ἕκαστος
833 1106 911 1173 δέκα
930 1109 1087 1194 δραχμάς·
1115 1110 1192 1174 τότε

189 1213 427 1298 Θεμιστοκλέης
444 1213 612 1297 ἀνέγνωσε
628 1209 825 1308 Ἀθηναίους
842 1221 900 1297 τής
917 1212 1097 1299 διαιρέσιος
1111 1215 1191 1280 ταύ-

186 1345 245 1403 της
266 1319 500 1403 παυσαμένους
522 1319 599 1396 νέας
621 1321 748 1386 τούτων
770 1330 836 1384 τῶν
859 1320 1034 1404 χρημάτων
1051 1324 1191 1405 ποιήσα-

188 1435 272 1493 σθαι
304 1429 475 1509 διηκοσίας
502 1425 536 1502 ἐς
561 1428 620 1492 τὸν
651 1428 810 1511 πόλεμον,
848 1427 907 1490 τὸν
938 1427 1021 1512 πρὸς
1051 1429 1189 1510 Αἰγινή-

187 1557 245 1609 τας
271 1532 386 1615 λέγων.
433 1528 530 1608 οὗτος
556 1534 623 1616 γὰρ
643 1532 661 1597 ὁ
683 1534 824 1616 πόλεμος
847 1533 968 1608 συστάς
990 1535 1093 1598 ἔσωσε
1115 1537 1188 1600 τότε

186 1641 247 1722 τήν
274 1634 429 1721 Ἑλλάδα,
462 1633 649 1721 ἀναγκάσας
678 1640 884 1714 θαλασσίους
909 1636 1068 1720 γενέσθαι
1092 1633 1188 1722 Ἀθη·

187 1748 310 1820 ναίους.
348 1744 385 1808 αί
405 1740 442 1808 δδ
465 1743 498 1820 ἐς
514 1745 551 1808 τὸ
571 1741 632 1827 μέν
651 1743 867 1826 ἐποιήθησαν,
887 1743 948 1808 ούκ
966 1743 1187 1830 ἐχρήσθησαν,

187 1851 220 1928 ἐς
243 1849 321 1915 δέον
344 1845 381 1914 δὲ
404 1848 490 1914 οὕτω
512 1857 552 1933 νή
570 1845 701 1914 Ἑλλάδι
724 1847 886 1932 ἐγένοντο.
923 1844 1023 1914 αὗταί
1041 1873 1076 1915 τε
1094 1852 1136 1935 δή
1154 1853 1191 1916 αί

187 1955 258 2032 νέες
280 1966 366 2020 τοῖσι
386 1950 593 2038 Ἀθηναίοισι
614 1961 871 2041 προποιηθεῖσαι
891 1955 1054 2040 ύπήρχον,
1078 1955 1190 2042 ἑτέρας

186 2085 221 2126 τε
258 2063 328 2126 ἐδεε
360 2059 704 2146 προσναυπηγέεσθαι,
754 2059 849 2138 ἔδοξέ
882 2059 919 2126 τέ
949 2077 1009 2146 σφι
1041 2063 1121 2145 μετά
1151 2064 1189 2127 τὸ

187 2169 387 2251 χρηστήριον
419 2164 692 2250 βουλευομένοισι
723 2165 857 2231 ἐπιόντα
885 2165 938 2232 ἐπὶ
963 2168 1024 2250 τήν
1047 2163 1190 2232 Ἑλλάδα

186 2273 246 2334 τὸν
269 2271 439 2355 βάρβαρον
463 2271 619 2336 δέκεσθαι
641 2280 715 2356 τήσι
737 2271 836 2356 νηυσὶ
858 2274 1032 2356 πανδημεί,
1054 2281 1100 2360 τῷ
1118 2281 1189 2360 θεῷ

187 2374 423 2457 πειθομένους,
446 2377 512 2459 άμα
531 2373 699 2459 Ἑλλήνων
721 2389 807 2442 τοῖσι
830 2377 1070 2461 βουλομένοισι.

137 2497 186 2546 145
279 2481 326 2544 Τά
358 2476 418 2564 μὲν
451 2481 492 2564 δή
523 2484 703 2566 χρηστήρια
734 2491 837 2548 ταῦτα
867 2495 953 2548 τοῖσι
981 2482 1191 2568 Ἀθηναίοισι

188 2587 348 2670 ἐγεγόνεε·
381 2585 631 2670 συλλεγομένων
663 2583 701 2652 δέ
732 2587 766 2664 ἐς
793 2589 899 2654 τώυτὸ
931 2601 998 2655 τῶν
1020 2587 1190 2674 Ἑλλήνων

188 2705 255 2758 τῶν
277 2690 352 2778 περὶ
373 2692 434 2775 τήν
459 2689 598 2757 Ἑλλάδα
620 2693 660 2756 τά
682 2693 804 2776 ἀμείνω
828 2697 1040 2778 φρονεόντων
1062 2695 1117 2760 καὶ
1140 2697 1190 2760 δι-

189 2802 317 2866 δόντων
341 2801 436 2882 σφίσι
459 2799 560 2881 λόγον
582 2795 637 2862 καὶ
658 2801 784 2882 πίστιν,
809 2799 956 2865 ἐνθαῦτα
978 2799 1088 2866 ἐδόκεε
1110 2803 1190 2884 βου·
1308 2869 1327 2896 ⁴

188 2905 395 2990 λευομένοισι
413 2904 543 2968 αὐτοῖσι
556 2912 688 2988 πρῶτον
702 2901 762 2988 μὲν
775 2906 949 2990 χρημάτων
963 2905 1097 2971 πάντων
1115 2930 1191 2972 κατ·
1326 2913 1327 2930 ’

188 3012 411 3077 αλλάσσεσθαι
426 3010 483 3086 τάς
495 3031 530 3074 τε
549 3011 672 3095 ἔχθρας
689 3008 744 3074 καὶ
762 3013 840 3087 τοὺς
853 3007 925 3075 κατ’
943 3011 1109 3095 ἀλλήλους
1118 3012 1191 3078 ἐόν-

104 3137 107 3144 ·
187 3139 244 3192 τας
261 3115 438 3200 πολέμους·
459 3110 544 3198 ἦσαν
564 3112 601 3180 δὲ
618 3118 701 3201 πρός
718 3138 809 3192 τινας
827 3113 881 3180 καί
899 3117 1020 3193 ἀλλους
1038 3117 1191 3204 ἐγκεκρη-

188 3219 292 3304 μένοι,
311 3221 329 3286 ὁ
349 3217 386 3285 δέ
404 3216 452 3285 ὧν
470 3219 621 3305 μέγιστος
635 3215 845 3304 Ἀθηναίοισί
859 3244 893 3286 τε
911 3219 966 3286 καί
982 3224 1190 3308 Αἰγινήτῃσι.

188 3326 268 3409 μετά
295 3323 332 3390 δὲ
354 3329 605 3410 πυνθανόμενοι
634 3325 760 3412 Ξέρξην
790 3329 854 3391 σὺν
880 3334 924 3414 τῷ
953 3337 1080 3416 στρατῷ
1104 3324 1190 3394 εἶναι

188 3429 225 3495 ἐν
243 3429 388 3512 Σάρδισι
411 3430 651 3512 ἐβουλεύσαντο
674 3434 899 3508 κατασκόπους
921 3430 1059 3516 πέμπειν
1077 3433 1111 3510 ἐς
1128 3435 1191 3517 τήν
