2678 3968
183 251 249 314 254
592 246 780 302 HERODOTI

148 395 299 458 3λόσειν
329 393 367 458 τὸ
399 389 520 478 μέλλον
552 393 689 457 ἔσεσθαι
720 391 912 478 στράτευμα.
960 390 1090 476 ἐγένετο
1121 395 1188 478 γὰρ
1299 465 1303 486 Ι

183 494 253 562 κατ’
279 497 380 582 άρχάς
402 500 510 582 λόγος,
533 497 612 584 πρὶν
634 497 729 582 ήκαί
747 498 780 576 ές
799 501 957 582 Σικελίην
975 498 1113 582 πέμπειν
1132 498 1189 564 ἐπὶ

184 606 381 688 συμμαχίην,
405 605 450 681 ὡς
471 606 508 670 τὸ
531 605 689 670 ναυτικὸν
703 601 910 688 Ἀθηναίοισι
927 606 1026 690 χρεὸν
1049 611 1099 688 είη
1119 605 1189 670 έπι·

183 708 328 794 τράπειν.
364 709 569 792 ἀντιβάντων
593 707 629 776 δέ
646 719 713 775 τῶν
733 711 913 795 συμμάχων
933 705 1022 776 εἶκον
1042 711 1077 776 οί
1090 705 1189 794 Ἀθη-

183 825 287 898 ναῖοι,
319 813 402 900 μέγα
433 815 648 900 πεποιημένοι
678 826 839 901 περιεῖναι
869 817 931 899 τήν
958 813 1100 882 Ἑλλάδα
1132 814 1189 881 καὶ

184 923 332 1004 γνόντες,
361 923 393 986 εί
417 922 632 987 στασιάσουσι
658 919 733 1004 περὶ
759 930 817 1006 της
841 921 1031 1005 ἡγεμονίης,
1061 922 1105 998 ὡς
1127 922 1189 986 ἀπ-
1322 941 1332 968 τ

185 1024 311 1092 ολέεται
332 1026 353 1110 ἡ
371 1024 496 1109 Ἑλλάς,
521 1028 608 1113 ὀρθδ
630 1035 798 1104 νοεῦντες·
821 1015 933 1104 στάσις
954 1029 1018 1113 γάρ
1039 1030 1189 1112 ἔμφυλος

183 1131 329 1217 πολέμου
352 1131 617 1218 ὁμοφρονέοντος
639 1133 786 1220 τοσούτῳ
808 1132 924 1198 κάκιόν
946 1131 1014 1200 έστι
1038 1133 1105 1220 ὅσῳ
1128 1134 1189 1197 πό-

184 1243 282 1322 λεμος
308 1241 448 1324 εἰρήνης.
494 1237 703 1322 ἐπιστάμενοι
725 1233 773 1303 ὧν
795 1239 875 1304 αὐτὸ
898 1247 998 1303 τοῦτο
1027 1237 1088 1303 οῦκ
1110 1236 1188 1302 άντ-

185 1342 311 1408 έτεινον
333 1340 403 1408 ἀλλ’
430 1337 536 1426 εἶκον,
559 1343 652 1428 μέχρι
675 1343 757 1408 ὅσον
779 1343 883 1427 κάρτα
906 1341 1041 1408 ἐδέοντο
1064 1341 1187 1425 αὐτῶν,

184 1448 229 1526 ὡς
247 1448 409 1529 διέδεξαν·
432 1449 477 1526 ὡς
498 1450 561 1534 γάρ
585 1441 785 1532 διωσάμενοι
803 1450 862 1524 τόν
881 1447 1018 1532 Πέρσην
1034 1445 1110 1531 περὶ
1128 1457 1188 1530 τῆς

185 1553 313 1619 ἐκείνου
335 1555 399 1638 ήδη
418 1555 477 1618 τὸν
496 1554 608 1637 ἀγῶνα
625 1553 807 1636 ἐποιεῦντο,
826 1555 995 1638 πρόφασιν
1013 1555 1074 1638 τήν
1093 1558 1186 1618 Παν-

185 1662 306 1724 σανίεω
332 1660 432 1745 όβριν
459 1662 693 1745 προϊσχόμενοι
720 1659 893 1724 ἀπείλοντο
921 1660 982 1742 τήν
1004 1658 1187 1742 ἡγεμονίην

184 1767 262 1843 τοὺς
284 1767 576 1851 Λακεδαιμονίους.
622 1766 704 1830 ἀλλὰ
729 1774 830 1829 ταῦτα
857 1761 918 1848 μὲν
947 1759 1087 1850 ὕστερον
1117 1763 1187 1848 έγέ-

150 1890 273 1938 ενετο·
303 1873 377 1937 τότε
405 1867 441 1936 δὲ
469 1865 561 1936 οὗτοι
584 1867 693 1935 οἱκαὶ
720 1864 769 1934 ἐπ’
795 1863 999 1954 Ἀρτεμίσιον
1017 1867 1187 1952 Ἑλλήνων
1314 1919 1332 1968 χ.

185 1977 377 2063 ἀπικόμενοι
404 1975 449 2054 ότς
476 1972 568 2042 είδον
594 1974 671 2052 νέας
697 1998 733 2040 τε
758 1977 881 2051 πολλάς
906 1979 1125 2060 καταχθείσας
1153 1976 1187 2053 ές

184 2085 241 2160 τάς
264 2081 400 2168 Ἀφετδς
425 2081 481 2149 καὶ
507 2091 659 2167 στρατιῆς
685 2081 811 2146 ἅπαντα
838 2080 935 2164 πλέα,
963 2080 1033 2147 ἐπεὶ
1056 2082 1187 2147 αὐτοῖσι

184 2191 272 2274 παρὰ
298 2188 399 2267 δόξαν
425 2190 466 2254 τδι
491 2191 663 2272 πρήγματα
688 2197 756 2252 τῶν
784 2188 961 2274 βαρβάρων
985 2186 1141 2272 ἀπέβαινε
1164 2188 1185 2272 ή

185 2293 229 2370 ὡς
251 2292 347 2358 αὐτοὶ
363 2295 569 2374 κατεδόκεον,
589 2293 901 2377 καταρρωδήσαντες
919 2294 1069 2378 δρησμὸν
1089 2293 1185 2377 έβοά-
1284 2335 1285 2342 1

184 2404 283 2464 λευον
302 2397 364 2462 ἀπὸ
382 2406 443 2462 τοῦ
453 2394 657 2483 Ἀρτεμισίου
671 2399 734 2462 ἔσω
750 2397 782 2474 ἐς
795 2398 856 2481 τήν
866 2393 1015 2463 Ἑλλάδα.
1048 2402 1186 2481 γνόντες

185 2502 224 2568 δέ
254 2519 358 2586 σφεας
389 2503 425 2568 οί
448 2501 592 2585 Εὐβοέες
622 2511 724 2567 ταῦτα
755 2503 1020 2588 βουλευομένους
1051 2504 1186 2572 ἐδέοντο

62 2631 65 2642 ’
184 2609 392 2694 Εὐριβιάδεω
414 2618 610 2694 προσμεῖναι
632 2611 756 2694 χρόνον
780 2610 909 2692 ὀλίγον,
932 2607 998 2675 ἔστ’
1025 2609 1067 2675 δν
1090 2610 1185 2677 αὐτοὶ

184 2714 281 2782 τέκνα
312 2737 347 2780 τε
372 2711 428 2780 καλ
454 2716 532 2791 τοὺς
559 2713 685 2792 οἰκέτας
712 2714 946 2781 ὑπεκθέωνται.
994 2715 1038 2792 ὡς
1066 2713 1097 2781 δ’
1124 2717 1186 2783 οὐκ

185 2825 337 2906 ἔπενθον,
369 2821 566 2906 μεταβάντες
595 2822 655 2886 τόν
682 2818 870 2903 Ἀθηναίων
902 2823 1087 2907 στρατηγὸν
1118 2826 1186 2888 πεί

184 2935 287 2994 θουσι
314 2925 532 3012 Θεμιστοκλέα
560 2925 612 2992 έπλ
641 2933 752 3014 μισθῷ
779 2929 956 3011 τριήκοντα
981 2929 1185 3013 ταλάντοισι,
1307 2938 1325 2969 “

185 3031 233 3098 ἐτ’
265 3025 291 3120 ᾧ
314 3055 349 3098 τε
376 3035 627 3117 καταμείναντες
653 3033 717 3118 πρὸ
744 3040 801 3115 της
824 3032 970 3116 Εὐβοίης
990 3037 1187 3118 ποιήσονται

150 3156 165 3205 ε
183 3140 244 3222 τήν
262 3141 458 3224 ναυμαχίην.
494 3137 513 3203 ό
532 3133 569 3202 δέ
582 3135 826 3221 ,Θεμιστοκλέης
843 3140 922 3215 τοὺς
936 3136 1100 3223 Ἕλληνας
1118 3141 1187 3206 έπι-

184 3253 275 3327 σχεῖν
307 3239 371 3309 ὧδε
397 3242 515 3309 ποιέει·
546 3243 742 3329 Εὐρυβιάδῃ
769 3244 898 3310 τούτων
921 3255 986 3310 τῶν
1009 3247 1186 3332 χρημάτων

184 3349 357 3432 μεταδιδοῖ
371 3348 468 3415 πέντε
485 3349 627 3415 τάλαντα
645 3351 689 3426 ὡς
706 3345 784 3436 παρ’
801 3349 927 3416 ἑωυτοῦ
942 3353 1047 3434 δῆθεν
1062 3355 1185 3432 διδούς.

76 3453 79 3458 ’
185 3453 229 3530 ὡς
248 3452 287 3518 δέ
303 3454 339 3519 οί
355 3449 452 3532 οὗτος
469 3455 679 3522 ἀνεπέπειστο
696 3453 922 3539 (Ἀδείμαντος
934 3458 997 3539 γάρ
1012 3457 1030 3522 ό
1046 3455 1186 3526 Ὠκύτου
1321 3461 1322 3482 ¹
