2632 3970
175 323 240 388 374
586 320 775 378 HERODOTI

121 487 155 536 οε
264 466 309 530 Οί
329 462 366 532 δέ
381 463 539 549 Ἓλληνες
560 466 605 543 ὡς
623 465 790 532 ἐπύθοντο
809 467 988 551 οἰχωκότας
1004 468 1083 543 τοὺς
1101 469 1184 554 βαρ-

175 573 299 656 βάρους
322 571 356 649 ἐς
377 574 438 656 τὴν
460 573 609 654 ήπειρον,
632 573 779 656 ήχθοντο
800 571 846 649 ὡς
868 572 1121 655 ἐκπεφευγότων
1145 572 1181 638 ἐν

174 677 296 762 ἀπορίη
319 700 353 743 τε
381 683 509 762 εἴχοντο
538 678 556 742 ὅ
578 700 611 742 τι
639 675 790 760 ποιέωσι,
819 682 884 742 είτε
906 676 1184 743 ἀπαλλάσσωνται

176 782 281 848 ὀπίσω
314 788 378 848 εἴτε
409 781 615 848 καταπλέωσι
647 777 696 848 ἐπ’
721 780 975 866 Ἑλλησπόντου.
1023 783 1118 860 τέλος
1145 780 1184 849 δέ

176 888 268 968 ἔδοξε
291 890 419 954 τούτων
442 885 503 972 μὲν
525 886 687 972 μηδέτερα
710 887 850 971 ποιέειν,
881 887 1045 954 ἐπιπλέειν
1068 886 1106 954 δέ
1129 887 1184 955 ἐπὶ

174 996 236 1078 τήν
258 996 406 1079 ήπειρον.
442 993 771 1078 παρασκευασάμενοι
794 989 842 1058 ὧν
865 993 900 1070 ἐς
920 997 1109 1080 ναυμαχίην
1127 994 1184 1060 καὶ

175 1100 371 1185 ἀποβάθρας
391 1095 446 1163 καὶ
466 1101 507 1163 τὰ
524 1099 607 1164 άλλα
626 1099 715 1163 ὅσων
734 1100 804 1164 ἔθεε
823 1100 941 1165 ἔπλεον
960 1098 1013 1166 ἐπὶ
1030 1109 1088 1182 τῆς
1105 1105 1184 1167 Μυ-

174 1207 284 1289 κάλης.
330 1202 400 1272 ἐπεὶ
430 1200 467 1269 δέ
494 1204 598 1288 ἀγχοῦ
627 1227 662 1268 τε
690 1204 841 1287 ἐγίνοντο
869 1213 930 1271 τοὺ
956 1204 1183 1289 στρατοπέδου

175 1309 230 1376 καί
248 1307 360 1386 οὐδεὶς
378 1309 533 1391 ἐφαίνετό
547 1323 608 1393 σφι
627 1306 882 1392 ἐπαναγόμενος,
902 1304 973 1374 ἀλλ’
994 1311 1092 1396 ὥρων
1105 1310 1184 1389 νέας

175 1413 420 1499 ἀνελκυσμένας
442 1416 507 1479 ἐσω
529 1423 590 1479 τοῦ
606 1417 740 1499 τείχεος,
763 1415 888 1479 πολλὸν
907 1411 945 1479 δὲ
962 1418 1060 1493 πεζὸν
1078 1439 1183 1504 παρα-

174 1519 369 1607 κεκριμένον
396 1521 484 1604 παρά
510 1521 570 1584 τὸν
597 1520 764 1602 αἰγιαλόν,
792 1519 939 1584 ἐνθαῦτα
965 1533 1098 1606 πρῶτον
1120 1520 1183 1607 μέν

176 1626 212 1690 ἐν
238 1634 278 1712 τή
300 1623 357 1709 νηὶ
379 1623 593 1711 παραπλέων,
622 1624 802 1709 ἐγχρίμψας
828 1631 873 1712 τῷ
899 1627 1037 1714 αίγιαλβ
1060 1629 1100 1693 τά
1122 1629 1182 1712 μά-

174 1735 280 1814 λιστα,
298 1730 505 1814 Λευτυχίδης
522 1729 587 1794 ὑπὸ
606 1732 748 1814 κήρυκος
765 1732 971 1815 προηγόρευε
988 1743 1075 1798 τοῖσι
1088 1731 1183 1800 Ἴωσι

174 1836 296 1920 λέγων·
327 1833 467 1921 ’Ἀνόρες
489 1832 620 1916 Ἴωνες,
654 1834 728 1899 ὅσοι
756 1833 868 1918 ὑμέων
898 1837 1100 1920 τυγχάνουσι
1127 1838 1183 1904 ἐκ·

175 1944 368 2023 ἀκούοντες,
396 1941 518 2025 μάθετε
545 1940 586 2005 τὰ
608 1937 708 2022 λέγω·
739 1940 870 2018 πάντως
892 1943 955 2028 γάρ
979 1939 1080 2008 οὐδὲν
1103 1959 1181 2009 σνν-
1301 1937 1304 1948 ⁴

174 2050 295 2131 ήσουσι
313 2045 443 2133 Πέρσαι
465 2056 532 2112 τῶν
556 2045 619 2129 ἐγὼ
643 2045 723 2130 ὑμίν
747 2044 946 2130 ἐντέλλομαι.
982 2046 1082 2113 ἐπεὰν
1101 2066 1180 2133 συμ

175 2156 354 2237 μίσγωμεν,
374 2153 566 2237 μεμνῆσθαί
580 2172 656 2215 τινα
676 2151 738 2236 χρή
758 2150 950 2235 ἐλευθερίης
968 2148 1029 2236 μέν
1047 2154 1183 2219 πάντων
1302 2153 1303 2221 λ

174 2267 317 2342 πρῶτον,
332 2259 413 2342 μετά
431 2254 468 2321 δέ
485 2265 547 2322 τοῦ
564 2259 779 2340 συνθήματος
788 2254 902 2340 Ἥρης.
934 2255 989 2322 καὶ
1003 2259 1083 2324 τάδε
1101 2265 1182 2325 ίστω

174 2359 230 2426 καὶ
258 2359 275 2425 ὁ
303 2362 347 2444 μή
376 2361 560 2438 ἐπακούσας
590 2361 702 2447 ὑμέων
728 2363 812 2446 πρὸς
841 2371 902 2428 τοῦ
929 2362 1182 2442 ἐπακούσαντος.

177 2466 296 2548 [ὡυτὸς
319 2461 356 2530 δέ
375 2459 472 2542 οὗτος
490 2465 554 2531 ἐὼν
573 2468 727 2553 τυγχάνει
745 2471 824 2544 νόος
841 2477 902 2533 τοῦ
919 2471 1110 2555 πρήγματος
1127 2469 1184 2538 καὶ

176 2572 194 2638 ὁ
218 2567 455 2656 Θεμιστοκλέος
481 2570 500 2638 ό
527 2569 576 2638 ἐπ’
600 2569 805 2661 Ἀρτεμισίῳ·
836 2573 945 2661 ήγὺρ
968 2576 1009 2658 δή
1033 2579 1183 2642 λαθόντα

174 2679 216 2744 τά
236 2677 363 2764 ῥήματα
381 2679 459 2755 τοὺς
477 2678 666 2765 βαρβάρους
684 2682 797 2763 έμελλε
814 2681 893 2756 τοὺς
907 2678 1027 2758 Ἴωνας
1044 2685 1181 2766 πείσειν,

174 2783 196 2869 ή
229 2787 338 2850 ἔπειτα
370 2783 605 2869 ἀνενειχθέντα
637 2785 671 2862 ἐς
701 2787 779 2863 τοὺς
810 2786 1000 2872 βαρβάρους
1029 2791 1183 2871 ποιήσειν

122 2911 156 2960 νο
176 2890 355 2972 ἀπίστους]
392 2891 603 2976 Λευτυχίδεω
626 2887 787 2956 δὲταῦτα
808 2890 1022 2976 ὑποθεμένου
1045 2895 1183 2979 δεύτερα
1299 2935 1300 2939 =

176 2999 218 3082 δή
249 2997 328 3063 τάδε
361 2995 494 3062 ἐποίευν
527 2997 562 3061 οί
580 2994 749 3080 Ἕλληνες·
781 3000 1003 3083 προσσχόντες
1025 3000 1083 3075 τὰς
1104 2998 1183 3077 νέας

175 3102 346 3187 ἀπέβησαν
372 3102 405 3178 ἐς
426 3104 486 3167 τὸν
509 3104 669 3185 αἰγιαλόν.
714 3100 770 3167 καὶ
792 3097 886 3170 οὑτοι
908 3101 970 3187 μὲν
986 3102 1181 3188 ἐτάσσοντο,

176 3209 211 3273 οί
223 3207 269 3273 ’ὑὲ
291 3207 420 3294 Πέρσαι
442 3208 487 3285 ὡς
510 3203 602 3274 είὺον
624 3210 703 3285 τοὺς
716 3206 878 3292 Ἕλληνας
899 3209 1182 3297 παρασκευαζομέ-

174 3336 257 3390 νους
284 3318 317 3390 ἐς
344 3314 451 3399 μάχην
478 3312 533 3378 καὶ
559 3323 645 3379 τοῖσι
668 3313 761 3380 Ἴωσι
782 3313 1059 3401 παραινέσαντας,
1082 3325 1181 3382 τοῦτο

163 3414 236 3500 ,μὲν
257 3418 503 3502 ὑπονοήσαντες
520 3422 598 3497 τοὺς
615 3423 765 3503 Σαμίους
782 3421 823 3484 τά
836 3417 1005 3504 Ἑλλήνων
1022 3421 1181 3508 φρονέειν
1297 3497 1298 3504 ρ

175 3521 388 3602 ἀπαιρέονται
411 3525 451 3588 τά
474 3525 567 3589 ὅπλα.
612 3524 649 3589 οί
667 3526 731 3607 γάρ
754 3520 802 3590 ὧν
824 3526 948 3610 Σάμιοι
970 3526 1181 3611 ἀπικομένων
