2640 3960
162 249 205 312 60
574 246 762 302 HERODOTI

161 391 382 476 στρατηγούς·
418 389 558 476 ’Ἀνδρες
584 390 714 474 Ἴωνες,
752 391 880 476 αἵρεσιν
917 390 997 475 ὑμῖν
1030 391 1172 474 δίδομεν

159 496 252 580 ἡμεῖς
279 496 315 560 οί
333 497 479 582 Κύπριοι
508 496 690 582 ὁκοτέροισι
717 498 881 580 βούλεσθε
904 494 1171 582 προσφέρεσθαι,
1301 496 1302 550 ί

162 601 195 685 [ἢ
221 600 371 687 Πέρσησι
401 601 422 686 ἦ
448 602 601 684 Φοίνιξι].
646 604 678 667 εί
706 599 767 686 μέν
798 605 862 689 γὰρ
893 607 970 694 πεζῇ
1002 603 1172 686 βούλεσθε

159 705 336 792 ταχθέντες
363 707 522 795 Περσέων
555 710 804 793 διαπειρᾶσθαι,
837 710 906 795 ὥρη
939 707 981 773 ἀν
1009 713 1059 791 είη
1087 706 1171 792 ὑμῖν

160 813 318 897 ἐκβάντας
345 814 380 880 έκ
406 825 474 880 τῶν
501 824 587 880 νεῶν
614 814 795 878 τάσσεσθαι
821 819 914 900 πεζῇ,
942 814 1045 899 ἡμέας
1071 811 1111 879 δέ
1136 814 1171 891 ές

158 922 217 998 τάς
242 921 320 998 νέας
342 920 509 1005 ἐσβαίνειν
530 921 588 997 τάς
610 918 769 1005 ὑμετέρας
794 920 924 999 Φοίνιξι
946 921 1170 1004 ἀνταγωνιευ-

159 1026 293 1112 μένους·
326 1029 357 1091 εί
387 1024 424 1092 δέ
454 1029 621 1092 Φοινίκων
654 1032 779 1110 μᾶλλον
806 1029 972 1112 βούλεσθε
1000 1029 1169 1113 διαπειρᾶ-

159 1139 256 1216 σθαι,
283 1132 409 1198 ποιέειν
435 1135 533 1217 χρεόν
561 1133 630 1198 ἐστι
657 1130 773 1217 ὑμέας,
801 1133 938 1217 ὁκότερα
961 1131 1003 1197 ἀν
1026 1135 1068 1216 δὴ
1091 1135 1169 1198 τοό-

157 1261 226 1303 των
248 1237 381 1321 ἕλησθε,
405 1239 489 1315 ὅκως
510 1240 547 1304 τδ
570 1235 640 1304 κατ’
662 1237 764 1322 ὑμέας
782 1240 873 1304 ἔσται
890 1239 912 1323 ἥ
929 1263 964 1304 τε
984 1236 1093 1321 Ἰωνίη
1112 1237 1168 1304 καὶ

157 1343 334 1429 ἡΚόπρος
356 1343 525 1430 ἐλευθέρη.
562 1339 657 1410 είτταν
671 1343 786 1422 Ἴωνες
807 1347 889 1431 πρὸς
911 1355 1026 1411 ταῦτα·
1046 1341 1169 1430 Ἡμέας

159 1446 196 1515 δέ
226 1449 393 1534 ἀπέπεμψε
420 1453 458 1517 τὸ
485 1452 601 1516 κοινὸν
627 1461 695 1516 τῶν
718 1447 841 1516 Ἰώνων
870 1451 1078 1534 φυλάξοντας
1105 1452 1168 1535 τὴν

157 1557 349 1639 θάλασσαν,
380 1552 450 1621 ἀλλ’
481 1557 543 1621 οὐκ
574 1557 629 1622 ἵνα
656 1559 836 1640 Κυπρίοισι
865 1558 922 1632 τὰς
953 1557 1031 1633 νέας
1062 1579 1167 1643 παρα-

159 1665 274 1739 δόντες
297 1659 392 1727 αὐτοὶ
410 1665 488 1746 πεζῇ
507 1659 658 1749 Πέρσησι
675 1663 953 1749 προσφερώμεθα.
989 1663 1083 1746 ἡμεῖς
1105 1663 1166 1748 μέν

157 1793 222 1834 νυν
245 1765 295 1834 ἐπ’
322 1763 363 1832 οὗ
386 1767 582 1854 ἐτάχθημεν,
605 1771 706 1855 ταότη
730 1770 957 1852 πειρησόμεθα
980 1763 1066 1834 εἶναι
1087 1793 1167 1854 χρη-

158 1878 239 1940 στοί.
271 1873 372 1959 ὑμέας
390 1871 427 1940 δέ
445 1878 543 1962 χρεόν
561 1874 630 1940 έστι
651 1872 925 1958 ἀναμνησθέντας
943 1865 997 1938 οἷα
1011 1872 1167 1959 ἐπάσχετε

158 1983 375 2058 δουλεύοντες
401 1983 484 2067 πρὸς
508 1993 575 2047 τῶν
597 1982 739 2064 Μήδιον,
762 1983 918 2063 γίνεσθαι
940 1981 1065 2066 ἀνδρας
1086 1980 1167 2063 ἀγα·

105 2107 156 2157 110
165 2089 259 2165 θοός.
281 2085 396 2164 Ἴωνες
409 2085 470 2173 μὲν
483 2089 630 2153 τούτοισι
649 2086 844 2170 ἀμείψαντο·
863 2085 943 2169 μετά
962 2082 999 2150 δὲ
1014 2086 1166 2169 ὑπόντων

156 2194 190 2271 ές
211 2196 249 2259 τὸ
271 2195 389 2258 πεδίον
417 2194 454 2258 τὸ
478 2193 693 2275 Σαλαμινίων
715 2201 782 2255 τῶν
806 2188 965 2274 Περσέων
989 2189 1166 2257 διέτασσον

157 2300 192 2364 οί
212 2295 361 2382 βασιλέες
385 2307 452 2360 τῶν
475 2298 637 2380 Κυπρίων
664 2296 743 2370 τοὺς
765 2291 826 2378 μέν
848 2295 970 2370 ἀλλους
991 2298 1166 2382 Κυπρίους

154 2405 236 2470 κατά
262 2405 341 2478 τοὺς
363 2403 484 2476 ἀλλους
506 2399 706 2485 στρατιώτας
728 2398 992 2482 ἀντιτάσσοντες,
1016 2404 1164 2487 Σαλαμι-

154 2512 239 2575 νίων
258 2503 295 2571 δέ
313 2503 368 2570 καὶ
381 2507 516 2569 Σολίων
530 2502 745 2582 ἀπολέξαντες
758 2504 795 2568 τὸ
810 2505 946 2589 ἀριστον
960 2503 1164 2573 ἀντέτασσον

155 2613 314 2700 Πέρσησι.
352 2606 512 2697 Ἀρτυβίῳ
531 2606 568 2674 δὲ
585 2617 630 2697 τῷ
650 2617 819 2697 στρατηγῷ
837 2620 904 2673 τῶν
918 2609 1077 2694 Περσέων
1090 2613 1164 2679 ἐθε-

104 2719 283 2802 ιιιλοντης
315 2714 528 2782 ἀντετάσσετο
558 2712 735 2798 Ὀνήσιλος.
780 2715 904 2798 ἤλαυνε
943 2711 980 2780 δὲ
1011 2716 1114 2783 ἵππον
1144 2719 1162 2785 ό

151 2823 321 2911 Ἀρτόβιος
345 2818 586 2906 δεδιδαγμένον
608 2822 691 2907 πρὸς
713 2820 851 2903 ὁπλίτην
869 2820 1026 2887 ἵστασθαι
1045 2824 1162 2910 ὀρθόν.

154 2936 346 3018 πυθόμενος
372 2926 420 2996 ὦν
442 2937 544 2993 ταῦτα
568 2927 586 2993 ὑ
606 2922 787 3010 Ὀνήσιλος,
814 2921 857 3010 ἦν
879 2927 943 3012 γάρ
967 2929 1003 2994 οί
1021 2929 1162 2996 ὑπασπι-

154 3039 233 3121 στὴς
263 3037 360 3121 γένος
387 3033 448 3122 μέν
470 3035 558 3120 Κάρ,
591 3035 631 3098 τά
664 3033 701 3098 δέ
728 3031 867 3116 πολέμια
894 3034 997 3119 κάρτα
1027 3037 1163 3121 δόκιμος

154 3142 209 3208 καὶ
236 3143 343 3218 άλλως
364 3144 506 3226 λήματος
527 3138 641 3222 πλέος,
669 3134 739 3204 είπε
761 3139 844 3224 πρὸς
865 3148 998 3205 τοῦτον·
1021 3142 1162 3207 Πυνθά-

155 3273 256 3333 υομαι
278 3249 338 3312 τὸν
357 3244 532 3331 Ἀρτυβίου
555 3246 657 3310 ’ίπτιον
681 3244 856 3328 ἱστάμενον
878 3243 985 3329 ὀρθὸν
1008 3244 1063 3311 καὶ
1083 3245 1162 3313 ποσὶ

154 3354 210 3422 καὶ
238 3356 374 3438 στόματι
400 3352 656 3438 κατεργάζεσθαι
679 3350 762 3435 πρὸς
783 3351 842 3414 τὸν
866 3347 908 3414 ἀν
929 3360 1162 3439 προσενειχθῇ.

155 3463 198 3526 σὺ
229 3455 276 3525 ὧν
307 3459 572 3544 βουλευσάμενος
604 3452 673 3521 είπέ
700 3455 817 3520 αὐτίκα
845 3455 1000 3542 ὁκότερον
1027 3459 1162 3542 βούλεαι
