2678 3968
406 318 563 374 LIB.V111.
600 319 853 376 CAR101-106.
1072 319 1137 383 299

131 485 238 547 τιμον,
262 461 358 546 γένος
381 460 442 548 μέν
466 463 562 528 ἐόντα
582 461 750 546 Πηδασέα,
774 467 962 549 φερόμενον
984 462 1020 530 δὲ
1039 464 1080 529 οὐ
1098 466 1138 529 τδι

132 570 270 654 δεύτερα
299 579 366 634 τῶν
394 570 564 654 εὐνούχων
591 572 679 654 παρὰ
705 570 842 654 βασιλέϊ.
889 572 939 652 [οί
964 568 1000 636 δέ
1024 573 1136 655 Πηδα-

131 675 204 752 σέες
229 674 375 742 οίκέουσι
397 673 481 761 ὑπὲρ
505 676 772 762 Ἁλικαρνησσοῦ.
809 677 846 742 έν
866 675 902 742 δὲ
920 687 1007 742 τοῖσι
1026 678 1137 761 Πηδά-

130 797 221 846 σοισι
247 783 394 850 τούτοισι
421 784 553 848 τοιόνδε
580 783 783 867 συμφέρεται
808 792 941 867 πρῆγμα
968 787 1137 866 γίνεσθαι·

16 935 18 946 J
131 889 230 954 ἐπεὰν
247 899 334 952 τοῖσι
351 888 551 973 ἀμφικτυόσι
565 899 644 954 πᾶσι
658 900 744 954 τοῖσι
759 887 843 974 ἀμφὶ
856 891 977 972 ταύτης
991 888 1136 954 οἰκέουσι

130 1005 188 1080 τῆς
216 997 332 1070 πόλιος
360 994 462 1080 μέλλῃ
489 1018 521 1060 τι
548 995 641 1072 ἐντὸς
667 999 791 1080 χρόνου
820 998 956 1061 έσεσθαι
983 998 1136 1081 χαλεπόν,

129 1106 204 1168 τότε
221 1101 242 1185 η
258 1103 341 1184 ίρείη
362 1101 482 1166 αὐτόθι
496 1111 553 1185 τῆς
568 1099 748 1186 Ἀθηναίης
766 1104 844 1186 φύει
861 1104 1006 1186 πώγωνα
1024 1103 1136 1187 μέγαν.

130 1217 228 1274 τοῦτο
261 1206 303 1273 δέ
326 1224 387 1291 σφι
416 1206 467 1284 δὶς
493 1209 557 1292 ἤδη
586 1207 725 1292 ἐγένετο.
771 1209 807 1274 ἐκ
835 1211 963 1275 τούτων
992 1210 1033 1292 δὴ
1060 1219 1189 1274 τῶν105

130 1313 318 1398 Πηδασέων
341 1314 360 1379 ὁ
376 1311 570 1400 Ἑρμότιμος
587 1309 643 1396 ἦν]
663 1321 708 1402 τῷ
728 1318 863 1399 μεγίστη
881 1319 966 1392 τίσις
982 1317 1047 1400 ἤδη
1066 1316 1136 1381 ἀδι-

128 1420 268 1505 κηθέντι
291 1416 420 1502 ἐγένετο
443 1420 577 1484 πάντων
596 1431 663 1492 τῶν
680 1419 774 1504 ἡμεῖς
792 1423 896 1506 ίδμεν.
933 1422 1054 1487 ἁλόντα
1073 1425 1136 1506 γδιρ

128 1529 234 1594 αὐτὸν
247 1527 312 1590 ὑπὸ
326 1529 492 1609 πολεμίων
506 1524 561 1591 καὶ
574 1529 786 1610 πωλεόμενον
801 1526 936 1592 ὠνέεται
946 1529 1137 1606 Πανιώνιος

130 1635 216 1720 ἀνὴρ
231 1639 321 1714 Χίος,
341 1631 377 1708 δς
394 1633 456 1714 τὴν
471 1633 548 1714 ζόην
566 1634 784 1714 κατεστήσατο
804 1629 858 1697 ἀπ’
876 1635 983 1718 ἔργων
997 1634 1136 1701 ἀνοσιω-

127 1743 250 1806 τάτων·
281 1740 365 1813 ὅκως
387 1739 450 1820 γὰρ
472 1738 627 1819 κτησαιτο
649 1738 769 1814 παῖδας
793 1740 897 1815 είδεος
919 1738 1135 1825 ἐπαμμένους,

130 1847 300 1931 ἐκτάμνων
328 1842 470 1927 ἀγινέων
498 1841 619 1908 ἐπώλεε
646 1843 680 1920 ές
702 1843 830 1927 Σάρδις
851 1867 886 1908 τε
912 1844 968 1910 καὶ
989 1845 1136 1931 Ἔφεσον

12 1935 16 1960 ι
129 1952 306 2040 χρημάτων
324 1949 485 2034 μεγάλων.
517 1950 606 2033 παρὰ
623 1950 686 2032 γὰρ
705 1959 791 2014 τοῖσι
809 1951 1007 2036 βαρβάροισι
1024 1955 1135 2037 um.

127 2062 224 2144 τεροί
247 2059 311 2123 εἰσι
339 2057 375 2121 οί
399 2055 555 2139 εὐνοῦχοι
577 2057 705 2132 πίστιος
727 2056 836 2120 εἵνεκα
858 2065 916 2140 τῆς
937 2058 1043 2142 πόσης
1068 2070 1136 2124 τῶν

129 2166 300 2249 ἐνορχίων.
350 2163 471 2237 ἄλλους
499 2184 534 2225 τε
566 2161 608 2243 δὴ
636 2160 654 2226 ὁ
682 2163 873 2238 Πανιώνιος
900 2161 1030 2249 ἐξέταμε
1057 2171 1135 2230 πολ-

129 2272 220 2352 λούς,
244 2270 299 2334 ἅτε
322 2269 519 2352 ποιεύμενος
542 2267 577 2331 ἐκ
599 2267 720 2332 τούτου
742 2269 804 2351 τὴν
828 2272 915 2353 ζόην,
939 2269 993 2335 καὶ
1016 2273 1057 2355 δὴ
1080 2271 1135 2337 καὶ

128 2385 258 2442 τοῦτον.
294 2372 349 2439 καὶ
372 2374 413 2438 ού
435 2375 498 2458 γὰρ
521 2373 562 2437 τδι
580 2373 686 2438 πάντα
705 2373 879 2460 ἐδυστύχεε
898 2373 1135 2462 ὁἙρμότιμος,

127 2480 316 2548 ἀπικνέεται
339 2479 375 2545 ἐκ
397 2490 464 2544 τῶν
482 2480 642 2562 Σαρδίων
664 2482 753 2566 παρὰ
775 2481 912 2564 βασιλέα
930 2479 998 2568 μετ’
1024 2486 1135 2550 ἄλλων

128 2590 264 2674 δώρων,
291 2589 415 2671 χρόνου
444 2581 482 2649 δέ
508 2588 684 2670 προϊόντος
710 2588 845 2652 πάντων
870 2600 938 2654 τῶν
965 2591 1135 2675 εὐνούχων

127 2697 269 2779 ἐτιμήθη
292 2693 431 2777 μάλιστα
454 2693 543 2775 παρὰ
561 2691 674 2778 Ξέρξη.
712 2694 756 2770 ώς
775 2691 812 2759 δὲ
828 2696 866 2760 τὸ
885 2696 1070 2780 στράτευμα
1088 2699 1125 2762 τὸ
1140 2720 1188 2768 ιοο

129 2801 298 2887 Περσικὸν
321 2799 408 2884 ὅρμα
426 2799 581 2880 βασιλεὺς
604 2797 656 2864 ἐπὶ
674 2800 731 2876 τὰς
746 2796 889 2882 Ἀθήνας
908 2799 972 2866 ἐὼν
990 2801 1028 2866 ἐν
1046 2803 1135 2883 Σοίρ

128 2912 213 2991 δισι,
244 2907 392 2972 ἐνθαῦτα
422 2906 564 2987 καταβὰς
591 2906 672 2970 κατὰ
700 2905 796 2986 δήτι
823 2912 956 2988 πρῆγμα
984 2901 1135 2992 δἙρμό-

126 3039 221 3098 τιμος
248 3012 282 3089 ἐς
308 3020 373 3095 γῆν
400 3011 461 3093 την
484 3013 638 3092 Μυσίην,
666 3011 727 3092 την
750 3015 827 3074 Χῖοι
852 3006 938 3093 [μὲν]
968 3010 1134 3097 νέμονται,

124 3116 300 3206 Ἀταρνεὺς
332 3114 370 3182 δέ
400 3115 563 3197 καλέεται,
596 3115 739 3200 εὑρίσκει
770 3116 830 3180 τὸν
857 3117 1051 3182 Πανιώνιον
1083 3118 1135 3186 έν-

128 3233 249 3292 θαῦτα.
293 3213 450 3306 ἐπιγνοὺς
480 3218 517 3286 δὲ
548 3223 639 3304 ἔλεγε
670 3223 752 3306 πρὸς
779 3222 881 3286 αὐτὸν
908 3226 1052 3300 πολλοὺς
1080 3223 1134 3289 καὶ

128 3335 263 3416 φιλίους
289 3332 425 3413 λόγους,
453 3338 566 3412 πρῶτα
592 3325 654 3410 μέν
678 3327 713 3391 οί
736 3326 925 3411 καταλέγων
952 3329 1014 3394 ὅσα
1036 3330 1136 3407 αὐτὸς

129 3431 174 3501 δι’
200 3437 328 3502 ἐκεῖνον
351 3437 420 3520 έχοι
443 3433 568 3518 ἀγαθώ,
600 3433 737 3517 δεύτερα
761 3432 801 3498 δέ
821 3434 857 3498 οί
875 3433 1136 3520 ὑπισχνεύμενος

128 3539 203 3607 ἀντὶ
225 3543 353 3606 τούτων
377 3541 439 3605 ὅσα
460 3563 517 3623 μιν
540 3539 652 3622 ἀγαθὰ
674 3543 814 3623 ποιησει,
837 3539 879 3622 ἢν
902 3545 1039 3626 κομίσας
1057 3545 1135 3618 τοὺς

1319 3371 1321 3487 ι
