2678 3968
446 315 599 372 LIB.V111.
636 318 711 372 CAP.
731 325 853 374 90—94.
1082 317 1148 382 293

146 456 214 538 ἥλω
236 466 318 542 νηῦς
340 458 361 542 ἡ
384 461 546 543 Σιδωνίη,
570 461 652 526 ὥστε
671 460 813 544 Πυθέην
836 462 922 527 οὕτω
946 468 1098 547 σωθῆναι
1116 461 1149 539 ἐς

145 566 298 645 Αἰγιναυ.
334 564 379 640 ὡς
402 559 439 628 δὲ
461 562 567 629 ἐσεῖδε
589 565 650 648 τὴν
673 564 731 630 νέα
754 566 815 648 την
830 559 976 648 Ἀττικὴν
1000 565 1017 630 ὁ
1037 567 1147 631 Πολύ-

145 689 270 751 κριτος,
298 670 382 751 ἔγνω
410 669 447 734 τὸ
478 671 621 754 σημήιον
649 671 731 735 ἰδὼν
752 679 810 754 τῆς
837 671 1065 755 στρατηγίδος,
1092 669 1147 735 καί

145 773 255 855 βώσας
280 774 339 838 τὸν
362 774 582 858 Θεμιστοκλέα
609 775 844 861 ἐπεκερτόμησε
867 775 900 852 ἐς
921 785 988 839 τῶν
1010 778 1147 860 Αἰγινη-

144 877 229 944 τέων
260 880 319 944 τὸν
351 881 517 964 μηδισμὸν
549 879 728 960 ὀνειδίζων.
779 890 881 946 ταῦτα
912 881 973 965 μέν
1000 905 1065 945 νυν
1091 879 1148 965 νηὶ

145 983 297 1068 ἐμβαλὼν
317 985 335 1050 δ
355 987 561 1071 Πολύκριτος
579 986 738 1072 ἀπέρριψε
757 985 790 1064 ἐς
804 985 1036 1070 Θεμιστοκλέα·
1060 987 1095 1050 οἰ
1110 983 1147 1050 δέ

145 1090 308 1175 βάρβαροι
324 1102 392 1156 τῶν
410 1092 448 1155 αί
462 1091 534 1168 νέες
551 1091 781 1178 περιεγένοντο
797 1093 977 1176 φεύγοντες
991 1090 1146 1156 ἀπίκοντο

145 1195 178 1272 ἐς
204 1195 360 1282 Φάληρον
386 1197 451 1262 ὑπὸ
477 1199 537 1262 τὸν
564 1199 660 1277 πεζὸν
689 1199 838 1284 στρατόν.
883 1197 920 1262 ἐν
947 1192 984 1261 δὲ
1005 1204 1045 1281 τῇ
1068 1220 1147 1260 ναυ-
1165 1219 1199 1268 93

145 1303 244 1386 μαχίη
267 1302 368 1387 ταύτῃ
390 1303 539 1386 ἤκουσαν
557 1298 725 1388 Ἑλλήνων
747 1305 865 1388 άριστα
885 1305 1071 1386 Αἰγινῆται,
1094 1299 1147 1366 ἐπὶ

146 1404 183 1472 δέ
207 1403 394 1492 Ἀθηναῖοι,
422 1407 556 1494 ἀνδρῶν
580 1405 617 1474 δέ
640 1410 846 1495 Πολύκριτός
867 1432 903 1473 τε
926 1407 944 1474 δ
967 1408 1147 1490 Αἰγινήτης

144 1511 199 1578 καί
214 1510 386 1596 Ἀθηναῖοι
399 1513 553 1598 Εὐμένης
570 1537 605 1579 τε
624 1514 642 1580 δ
658 1511 893 1600 Ἀναγυράσιος
915 1511 970 1578 καὶ
983 1510 1147 1596 Ἀμεινίης

145 1620 355 1703 Παλληνεύς,
379 1619 421 1710 ὃς
436 1617 492 1684 καί
510 1614 716 1706 Ἀρτεμισίην
740 1619 901 1698 ἐπεδίωξε.
948 1621 978 1684 εἰ
998 1617 1060 1704 μέν
1081 1643 1146 1683 νυν

145 1728 249 1810 έμαθε
276 1725 327 1790 ὅτι
354 1724 391 1790 ἐν
416 1725 518 1810 ταότη
547 1725 640 1790 πλέοι
664 1723 863 1811 Ἀρτεμισίη,
892 1725 953 1790 οὐκ
980 1723 1022 1789 ἀν
1049 1724 1146 1790 ἐπαό

29 1868 33 1876 ⁴
145 1847 225 1896 σατο
248 1831 410 1916 πρότερον
432 1829 452 1914 ἢ
477 1822 545 1894 εἰλέ
560 1855 618 1916 μιν
640 1830 660 1914 ἢ
679 1828 734 1895 καί
753 1831 852 1908 αὐτὸς
869 1831 946 1914 ἥλω.
978 1841 1065 1895 τοῖσι
1082 1831 1146 1915 γὰρ

12 1949 16 1984 ἰ
142 1932 330 2019 Ἀθηναίων
356 1936 585 2020 τριηράρχοισι
611 1935 901 2020 παρεκεκέλευστο,
928 1937 1010 2020 πρὸς
1033 1933 1070 2000 δὲ
1091 1933 1147 2000 καὶ

145 2044 270 2106 άεθλον
298 2043 401 2105 ἔκειτο
430 2041 545 2126 μύριαι
572 2042 729 2127 δραχμαί,
758 2041 794 2118 ὃς
821 2043 862 2106 άν
885 2065 943 2127 μιν
966 2042 1051 2124 ζωὴν
1074 2039 1146 2126 ἕλη·

146 2147 258 2212 δεινὸν
275 2145 339 2232 γάρ
352 2170 384 2210 τι
403 2145 573 2212 ἐποιεῦντο
591 2157 733 2230 γυναῖκα
751 2145 804 2212 ἐπὶ
817 2148 874 2223 τάς
889 2143 1032 2231 Ἀθήνας
1050 2166 1146 2233 στρα-

144 2252 309 2317 τεύεσθαι.
341 2251 424 2335 αὕτη
443 2249 504 2336 μέν
526 2253 578 2334 δη,
596 2253 641 2328 ὡς
658 2255 821 2337 πρότερον
840 2257 975 2338 εἴρηται,
995 2252 1146 2338 διέφυγε·

146 2353 230 2440 ἦσαν
258 2355 295 2422 δὲ
321 2354 376 2420 καί
403 2358 438 2422 οἰ
462 2359 571 2440 ἀλλοι,
604 2367 672 2422 τῶν
699 2358 736 2422 αἰ
760 2356 832 2434 νέες
862 2362 1145 2445 περιεγεγόνεσαν,

146 2466 182 2528 ἐν
204 2469 249 2550 τῷ
276 2465 426 2551 Φαλήρῳ.

230 2565 442 2653 Ἀδείμαντον
463 2566 500 2635 δέ
518 2571 576 2634 τὸν
594 2573 791 2655 Κορινθίων
810 2573 993 2656 στρατηγὸν
1012 2572 1145 2656 λέγουσι
1164 2593 1197 2642 94

141 2674 315 2759 Ἀθηναῖοι
340 2676 455 2740 αὐτίκα
477 2670 548 2741 κατ’
573 2675 688 2762 ἀρχάς,
717 2676 760 2753 ὡς
783 2676 983 2761 συνέμισγον
1006 2679 1044 2740 αί
1063 2676 1145 2762 νέες,
1191 2662 1194 2666 ’

144 2781 345 2864 ἐκπλαγέντα
367 2803 402 2845 τε
424 2779 479 2846 καὶ
502 2781 755 2866 ὑπερδείσαντα,
778 2783 818 2846 τά
842 2783 928 2846 ίστία
951 2782 1146 2868 ἀειράμενον

144 2893 296 2972 οἰχεσθαι
323 2888 504 2972 φεύγοντα,
534 2889 665 2964 ἰδόντας
693 2884 729 2952 δὲ
756 2889 834 2963 τοὺς
857 2891 1063 2974 Κορινθίους
1085 2890 1146 2973 τὴν

144 2993 345 3078 στρατηγίδα
368 2993 561 3076 φεύγουσαν
584 2992 740 3068 ὡσαύτως
763 2998 921 3077 οἰηεσθαι.
959 2993 1004 3069 ὡς
1027 2989 1064 3058 δὲ
1082 2995 1146 3078 ἀρα

144 3099 330 3183 φεύγοντας
348 3101 502 3182 γίνεσθαι
519 3106 577 3180 τῆς
590 3100 796 3182 Σαλαμινίης
813 3099 943 3162 κατὰτὸ
959 3099 1032 3183 ἰρὸυ
1047 3095 1145 3184 Ἀθη-

143 3207 240 3288 ναίης
263 3203 444 3289 Σκιράδος,
472 3205 677 3288 περιπίπτειν
700 3219 761 3286 σφι
783 3201 901 3286 κέλητα
923 3206 1000 3290 θείη
1022 3215 1145 3291 πομπῇ,

142 3311 204 3374 τὸν
227 3309 302 3374 οὔτε
325 3307 497 3394 πέμψαντα
520 3317 666 3393 φανῆναι
689 3305 822 3392 οὐδένα,
846 3309 921 3373 οὔτε
939 3332 970 3374 τι
992 3321 1059 3375 τῶν
1082 3312 1144 3378 ἀπὸ

143 3423 202 3499 τῆς
229 3423 381 3500 στρατιῆς
408 3416 514 3480 εἰδόσι
540 3412 790 3500 προσφέρεσθαι
812 3423 898 3479 τοῖσι
920 3417 1143 3501 Κορινθίοισι.

142 3522 222 3604 τῇδε
246 3517 283 3586 δέ
306 3521 550 3606 συμβάλλονται
573 3515 658 3586 εἶναι
680 3528 776 3587 θείου
794 3521 831 3586 τὸ
850 3529 995 3607 πρῆγμα·
1019 3522 1063 3598 ὡς
1079 3524 1143 3607 γδρ
