2678 3970
443 269 507 324 ΠΒ.
522 269 581 324 VII.
619 269 696 325 eAP.
716 276 839 328 86-92.
1080 273 1145 338 179

140 413 261 492 κυνέας
283 409 374 499 εἶχον
391 383 559 499 άγχοτάτω
577 413 797 499 πεποιημένας
814 418 940 501 τρόπον
956 419 1017 483 τὸν
1031 415 1145 501 Ἑλλη-

141 523 251 603 νικόν,
279 521 491 598 ἐνδεδυκότες
518 517 555 586 δὲ
581 521 740 606 θώρηκας
766 521 912 605 λινέους,
940 524 1079 602 ἀσπίδας
1106 522 1144 590 δὲ

141 633 212 703 ίτυς
234 627 295 692 οὐκ
318 628 456 712 ἐχούσας
478 622 569 712 είχον
591 625 646 692 καὶ
664 627 808 692 ἀκόντια.
846 624 938 694 οὗτοι
957 626 993 696 δὲ
1012 631 1048 696 οί
1066 633 1145 696 Φοί-

140 756 229 809 νικες
255 735 293 798 τὸ
320 735 462 800 παλαιὸν
490 739 615 816 οίκεον,
648 733 693 810 ὡς
720 731 814 798 αὐτοί
841 733 991 818 λέγουσι,
1024 733 1077 800 έπλ
1105 744 1144 821 τῇ

8 917 13 942 .
141 832 283 925 Ἐρυθρῇ
305 841 470 926 θαλάσσῃ,
494 839 652 906 ἐνθεῦτεν
671 836 708 904 δὲ
726 839 927 925 ὑπερβάντες
944 850 1001 924 τῆς
1019 844 1146 925 Συρίης

142 945 286 1011 οἰκέουσι
308 948 346 1011 τὸ
369 947 458 1032 παρὰ
480 946 665 1011 θάλασσαν.
702 955 759 1030 τῇς
782 943 819 1011 δὲ
841 950 969 1032 Συρίης
991 955 1089 1011 τοῦτο
1108 949 1145 1012 τὸ

140 1055 264 1138 χωρίον
285 1049 340 1116 καλ
362 1054 400 1119 τὸ
423 1051 517 1138 μέχρι
536 1053 708 1136 Αἰγύπτου
726 1061 792 1117 πᾶν
812 1055 1018 1136 Παλαιστίνη
1036 1051 1145 1118 καλέε-

141 1181 202 1222 ται.
239 1160 417 1242 Αίγύπτιοι
445 1156 482 1224 δέ
509 1158 586 1236 νέας
608 1162 804 1245 παρείχοντο
828 1161 1006 1243 διηκοσίας.
1053 1154 1146 1224 οὗτοι

141 1261 179 1328 δέ
211 1258 300 1349 είχον
331 1262 406 1349 περὶ
438 1260 499 1348 μέν
532 1273 607 1348 τῇσι
638 1271 800 1350 κεφαλῇσι
835 1266 958 1351 κράνεα
993 1265 1144 1350 χηλευτά,

141 1370 281 1447 ἀσπίδας
304 1367 341 1436 δέ
362 1374 485 1452 κοίλας,
507 1373 565 1448 τάς
588 1377 658 1448 ίτυς
680 1372 822 1456 μεγάλας
845 1371 993 1456 ἐχούσας,
1016 1369 1072 1438 καλ
1091 1372 1145 1436 δό-

141 1476 223 1561 ρατά
245 1499 280 1540 τε
302 1477 456 1561 ναύμαχα
473 1475 529 1544 καλ
549 1479 670 1554 τόκους
693 1478 864 1562 μεγάλους.
900 1479 938 1545 τὸ
962 1475 999 1544 δὲ
1017 1483 1146 1561 πλῇθος

141 1581 252 1648 αὐτῶν
274 1585 513 1669 θωρηκοφόροι
534 1580 630 1667 ἦσαν,
649 1587 810 1670 μαχαίρας
829 1580 866 1649 δέ
884 1584 1026 1669 μεγάλας
1046 1579 1145 1669 εἶχον.

141 1685 235 1755 οὗτοι
258 1685 319 1773 μὲν
337 1689 424 1754 οὕτω
443 1689 609 1772 ἐστάλατο,
633 1690 779 1774 Κύπριοι
798 1687 835 1754 δὲ
852 1695 1049 1774 παρείχοντο
1068 1688 1145 1766 νέας
1164 1709 1198 1758 90

140 1797 342 1879 πεντήκοντα
373 1793 428 1860 καὶ
458 1794 588 1878 ἑκατόν,
617 1792 851 1880 ἐσκευασμένοι
878 1790 952 1861 ὧδε.
1000 1797 1058 1872 τάς
1085 1792 1145 1880 μὲν

8 1923 20 1992 f»
140 1902 285 1986 κεφαλάς
316 1902 457 1985 είλίχατο
487 1906 620 1987 μίτρησι
649 1901 685 1965 ολ
709 1899 858 1991 βασιλέες
885 1901 1010 1983 αὐτῶν,
1044 1902 1079 1966 οί
1108 1898 1145 1966 δὲ

141 2010 236 2074 άλλυι
263 2001 353 2092 εἶχον
381 2013 543 2089 κιθῶνας,
570 2008 611 2071 τὰ
634 2004 671 2072 δέ
694 2007 777 2072 άλλα
799 2007 880 2071 κατά
903 2029 964 2092 περ
979 2005 1144 2090 Ἕλληνες.

141 2115 268 2180 τούτων
296 2109 333 2178 δὲ
354 2112 473 2178 τοσάδε
496 2111 599 2178 ἔθνεά
622 2113 701 2195 είσι,
730 2113 765 2176 οί
785 2107 845 2196 μὲν
869 2111 932 2178 άπὸ
955 2117 1146 2197 Σαλαμῖνος

139 2219 195 2286 καλ
210 2215 391 2304 Ἀθηνέων,
414 2219 449 2283 ολ
464 2213 502 2286 δλ
520 2217 583 2283 άπὸ
599 2215 783 2302 Ἀρκαδίης,
802 2219 838 2283 οί
853 2214 891 2284 δλ
909 2218 971 2285 άπὸ
989 2221 1144 2303 Κύθνου,

141 2326 177 2392 οί
202 2322 239 2390 δέ
261 2325 325 2390 ἀπὸ
351 2327 523 2407 Φοινίκης,
552 2325 587 2388 οί
612 2319 648 2388 δὲ
671 2323 735 2389 ἀπὸ
757 2325 954 2409 Αίθιοπίης,
983 2326 1027 2403 ὡς
1049 2325 1145 2392 αὐτοὶ

139 2433 287 2516 Κύπριοι
308 2429 451 2514 λέγουσι.
487 2432 620 2506 Κίλικες
642 2424 679 2496 δὲ
702 2427 819 2495 ἑκατὸν
840 2435 1036 2516 παρείχοντο
1059 2432 1144 2512 νέας.

141 2533 235 2604 οὗτοι
258 2533 289 2602 δ’
315 2532 359 2602 αὖ
380 2534 457 2621 περὶ
478 2531 538 2620 μέν
560 2542 635 2620 τῇσι
656 2539 817 2620 κεφαλῇσι
835 2538 957 2622 κράνεα
975 2537 1144 2624 ἐπιχώρια,
1163 2557 1196 2606 91

140 2643 273 2728 λαισήιά
294 2665 330 2708 τε
355 2637 445 2726 εἶχον
468 2637 539 2706 ἀντ’
560 2639 720 2723 ἀσπίδων,
744 2640 913 2726 ὠμοβοέης
930 2643 1143 2727 πεποιημένα,

140 2748 195 2816 καλ
225 2755 374 2825 κιθῶνας
401 2745 562 2833 είρινέους
590 2745 812 2824 ἐνδεδυκότες·
850 2749 912 2812 δύο
945 2744 982 2813 δὲ
1009 2748 1145 2814 ἀκόντια

141 2855 275 2933 ἕκαστος
305 2852 360 2920 καί
388 2851 483 2937 ξίφος
510 2847 615 2937 εἶχον,
648 2853 815 2937 ἀγχοτάτω
841 2861 916 2936 τῇσι
944 2854 1145 2939 Αίγυπτίῇσι

140 2965 318 3048 μαχαίρησι
340 2957 551 3044 πεποιημένα.
598 2953 690 3024 οὗτοι
714 2955 802 3042 [μὲν]
829 2960 867 3024 τὸ
890 2959 1032 3023 παλαιὸν
1051 2955 1144 3024 ’Ἰντα-

140 3067 230 3153 χαιολ
253 3067 437 3150 ἐκαλέοντο,
460 3064 513 3130 έπλ
536 3062 573 3130 δὲ
591 3067 727 3140 Κίλικος
751 3071 812 3128 τοῦ
827 3057 1005 3148 Ἀγήνορος
1023 3063 1145 3151 ἀνδρὸς

143 3179 299 3252 Φοίνικος
327 3177 425 3258 ἔσχον
451 3173 512 3256 τὴν
542 3171 742 3254 ἐπωνυμίην.
787 3171 969 3254 Πάμφυλοι
996 3167 1034 3236 δὲ
1056 3175 1145 3256 τριη·

140 3305 242 3347 κοντα
273 3284 470 3366 παρείχοντο
501 3277 579 3354 νέας
600 3273 822 3359 Ἑλληνικοῖσι
855 3277 985 3342 ὅπλοισι
1012 3276 1144 3343 έσκευα-

141 3385 265 3472 σμένον.
312 3387 347 3450 οί
376 3380 413 3450 δέ
441 3384 624 3467 Πάμφυλοι
655 3376 748 3448 οὗτοι
775 3378 839 3446 είσλ
865 3392 932 3448 τῶν
950 3383 995 3448 ,έκ
1025 3386 1145 3470 Τροίης

140 3488 460 3558 ἀποσκεδασθέντων
474 3489 541 3572 ἅμα
551 3484 737 3575 Ἀμφιλόχῳ
751 3485 807 3552 καλ
818 3488 997 3572 Κάλχαντι.
1023 3491 1143 3553 Λύκιοι
1162 3505 1196 3554 92

878 3592 932 3644 12*
