2640 3960
183 201 226 264 46
597 196 785 252 HERODOTI

184 342 335 426 λέγοντες
365 340 470 407 πολλά
502 365 536 407 τε
569 339 622 406 καὶ
655 340 795 424 ἀνάρσια
827 343 963 406 ἔσεσθαι
996 339 1126 406 αὐτοῖσι
1158 340 1195 419 ἐξ
1292 435 1293 440 ¹

181 444 384 530 Ἀθηναίων,
412 457 478 511 τῶν
504 449 667 531 πρότερον
694 443 755 531 μέν
782 442 866 530 ἦσαν
893 445 1023 528 ἀδαέες,
1052 449 1126 511 τότε
1154 443 1195 511 δέ

188 552 390 637 Κλεομένεος
416 556 614 636 κομίσαντος
642 553 674 628 ἐς
696 553 855 635 Σπάρτην
882 551 1054 636 ἐξέμαθον.
1100 552 1194 634 έκτή-

186 675 264 723 σατο
298 655 335 723 δέ
368 658 386 723 ὁ
414 657 603 742 Κλεομένης
636 658 672 723 ἐκ
702 667 759 740 τής
781 653 967 740 Ἀθηναίων
995 658 1195 743 ἀκροπόλιος

185 766 263 840 τοὺς
284 765 468 850 χρησμούς,
495 767 575 840 τοὺς
597 767 732 846 ἔκτηντο
755 762 815 847 μέν
838 767 1000 848 πρότερον
1024 765 1058 828 οἱ
1078 769 1193 829 Πεισι-

186 872 366 954 στρατίδαι,
391 871 642 954 ἐξελαυνόμενοι
665 867 702 935 δὲ
725 873 840 934 ἔλιπον
863 869 900 935 έν
922 878 967 956 τῷ
992 871 1066 956 ίρῷ·
1095 893 1194 934 κατα-

134 1000 164 1047 91
186 975 383 1058 λειφθέντας
407 973 443 1040 δὲ
467 975 485 1040 ό
508 975 696 1073 Κλεομέηης
719 973 868 1058 ἀνέλαβε.
912 978 985 1040 τότε
1009 965 1046 1040 δέ
1068 975 1114 1052 ὡς
1136 976 1194 1040 ἀν-

188 1081 309 1164 έλαβον
346 1083 381 1148 οί
410 1082 668 1164 Λακεδαιμόνιοι
704 1083 782 1156 τοὺς
817 1084 986 1165 χρησμοὺς
1024 1080 1079 1144 καὶ
1114 1085 1196 1158 τοὺς

183 1185 382 1269 Ἀθηναίους
416 1189 513 1271 ὥρων
545 1185 748 1270 αὐξομένους
775 1185 829 1251 καὶ
861 1188 1014 1270 οὐδαμῶς
1041 1186 1196 1270 ἑτοίμους

187 1293 300 1369 έόντας
326 1296 505 1358 πείθεσθαι
535 1295 645 1374 σφίσι,
673 1294 741 1379 νόφ
765 1295 921 1375 λαβόντες
944 1293 990 1370 ὡς
1011 1293 1194 1376 ἐλεύθερον

187 1395 247 1481 μὲν
275 1399 331 1464 ε’ὸν
360 1401 397 1464 τὸ
424 1397 521 1480 γένος
548 1399 585 1462 τὸ
605 1395 750 1462 Ἀττικὸν
779 1401 959 1481 ἰσόρροπον
986 1407 1030 1484 τῷ
1060 1397 1195 1462 ἑωυτῶν

187 1503 229 1569 ἀν
255 1508 399 1587 γίνοιτο,
427 1507 646 1588 κατεχόμενον
675 1501 712 1568 δέ
738 1504 802 1569 ὑπὸ
830 1505 1029 1586 τυραννίδος
1051 1501 1195 1580 ἀσθενὲς

187 1608 241 1674 καὶ
280 1609 539 1693 πειθαρχέεσθαι
576 1609 724 1694 ἕτοιμον,
762 1612 925 1694 μαθόντες
962 1607 1025 1691 [δέ]
1064 1611 1193 1674 τούτων

187 1715 304 1780 ἕκαστα
336 1713 577 1800 μετεπέμποντο
603 1715 733 1799 Ἱππίην
764 1718 823 1780 τὸν
851 1717 1093 1800 Πεισιστράτου
1126 1717 1192 1780 ἀπὸ

187 1825 324 1906 Σιγείου
351 1830 412 1886 τοῦ
440 1821 476 1886 έν
499 1818 727 1908 Ἑλλησπόντῳ
735 1824 757 1902 [,
786 1821 819 1898 ές
841 1820 861 1888 δ
886 1823 1132 1905 καταφεύγουσι
1161 1835 1192 1886 οι·

188 1929 484 2012 Πεισιστρατίδαι].
529 1929 632 1993 ἐπείτε
669 1925 708 1992 δέ
742 1944 802 2010 σφι
834 1923 959 2010 Ἱππίης
994 1930 1193 2008 καλεόμενος
1292 1991 1293 2018 χ

187 2031 259 2116 ήκε,
288 2034 575 2118 μεταπεμψάμενοι
597 2032 651 2098 καὶ
674 2043 739 2096 τῶν
763 2034 873 2097 ἀλλων
896 2035 1076 2117 συμμάχων
1099 2032 1192 2116 ἀγγέ-
1292 2075 1293 2082 1

187 2145 267 2216 λους
290 2143 403 2222 ἔλεγόν
427 2157 487 2223 σφι
510 2145 713 2223 Σπαρτιῆται
735 2139 827 2202 τάδε·
855 2137 994 2224 ’Ἄνδρες
1017 2139 1192 2222 σύμμαχοι,

188 2246 459 2328 συγγινώσκομεν
486 2245 615 2308 αὐτοῖσι
638 2243 716 2327 ἡμῖν
741 2244 781 2308 οὐ
803 2247 960 2326 ποιήσασι
983 2245 1105 2328 ὀρθῶς·
1139 2244 1192 2308 έπ-

188 2347 363 2432 αερθέντες
395 2352 458 2434 γάρ
486 2351 670 2432 κιβδήλοισι
698 2353 886 2434 μαντηίοισι
913 2351 1038 2434 ἀνδρας
1065 2349 1194 2428 ξείνους

189 2455 302 2530 έόντας
324 2455 404 2538 ἡμῖν
427 2457 467 2520 τά
490 2455 628 2538 μάλιστα
651 2453 705 2518 καὶ
724 2453 987 2540 ἀναδεκομένους
1004 2456 1194 2539 ὑποχειρίας

188 2559 340 2644 παρέξειν
364 2563 421 2636 τὰς
441 2558 594 2642 Ἀθήνας,
618 2562 757 2637 τούτους
780 2561 815 2626 ἐκ
833 2571 889 2645 τής
907 2564 1063 2646 πατρίδος
1082 2560 1192 2644 ἐξηλά-

190 2683 308 2750 σαμεν,
336 2665 392 2732 καί
419 2669 528 2731 ἔπειτα
554 2669 750 2749 ποιήσαντες
776 2677 877 2732 ταῦτα
906 2669 998 2754 δήμῳ
1028 2668 1192 2754 ἀχαρίστῳ

189 2775 424 2858 παρεδώκαμεν
451 2774 512 2855 τήν
539 2775 652 2855 πόλιν,
680 2773 716 2850 ὃς
743 2773 847 2838 ἐπείτε
870 2766 915 2838 δι’
939 2773 1039 2857 ἡμέας
1062 2774 1193 2838 ἐλευθε-

191 2878 311 2964 ρωθεὶς
343 2879 499 2961 ἀνέκυψε,
532 2878 632 2964 ήμέας
662 2876 723 2963 μὲν
751 2877 806 2944 καλ
835 2880 893 2943 τὸν
921 2877 1056 2962 βασιλέα
1083 2879 1193 2962 ἡμέων

190 2988 403 3071 περιυβρίσας
426 2985 565 3070 ἐξέβαλε,
590 2985 691 3064 δόξαν
715 2981 752 3052 δὲ
774 2986 883 3068 φύσας
903 2985 1086 3066 αὐξάνεται,
1111 2986 1193 3050 ὥστε

191 3093 435 3176 ἐκμεμαθήκασι
458 3094 595 3176 μάλιστα
614 3089 675 3176 μέν
694 3093 729 3156 οί
743 3095 906 3175 περίοικοι
924 3092 1033 3156 αὐτῶν
1053 3090 1194 3156 Βοιωτοὶ

191 3196 245 3262 καὶ
274 3197 463 3280 Χαλκιδέες,
500 3200 579 3284 τάχα
614 3197 653 3264 δέ
683 3221 731 3274 τις
766 3195 821 3261 καὶ
848 3199 946 3273 ἀλλος
974 3198 1194 3281 ἐκμαθήσεται

192 3304 353 3387 ἁμαρτών.
391 3303 494 3368 ἐπείτε
514 3303 550 3369 δὲ
570 3304 677 3369 ἐκεῖνα
695 3307 890 3386 ποιήσαντες
908 3303 1105 3388 ἡμάρτομεν,
1130 3313 1194 3368 νῦν

191 3410 416 3494 πειρησόμεθά
452 3427 536 3494 σφεα
553 3410 633 3492 Ιἀίμα
666 3408 744 3492 ὑμῖν
774 3409 957 3493 οἰκεόμενον
994 3409 1098 3474 αὐτοῦ
1130 3411 1193 3494 γάρ
