2632 3970
461 230 528 286 ΜΒ.
542 232 589 287 1x.
627 233 701 289 υεΡ,
722 239 842 290 οο-οε.
1091 234 1154 299 371

151 376 349 461 προθύμους
378 377 515 440 ἔσεσθαι
545 375 743 459 συμμάχους.
788 377 890 441 ταῦτά
916 400 951 442 τε
983 377 1049 463 ἅμα
1078 378 1155 462 ήνό-
1173 398 1207 448 92

153 503 229 566 ρευε
259 478 315 546 καλ
345 481 383 546 τὸ
416 482 516 565 ἔργον
547 489 707 566 προσῆγε·
739 481 856 546 αὐτίκα
882 483 945 567 γὰρ
973 484 1008 548 οί
1031 483 1156 568 Σάμιοι

152 588 263 650 πίστιν
290 609 326 650 τε
355 584 411 651 καὶ
443 586 538 670 ὅρκια
565 586 735 651 ἐποιεῦντο
763 591 948 671 συμμαχίης
973 586 1048 674 πέρι
1073 590 1157 675 πρὸς

152 693 230 767 τοὺς
253 689 424 775 Ἕλληνας.

245 801 355 862 Ταῦτα
369 794 407 863 δὲ
419 799 616 880 ποιήσαντες
630 797 665 861 οί
676 794 736 881 μὲν
750 796 926 863 ἀπέπλεον·
949 799 1029 883 μετὰ
1044 798 1155 882 σφέων

152 903 217 988 γὰρ
226 900 354 968 ἐκέλευε
368 901 480 967 πλέειν
493 903 553 966 τὸν
562 898 833 987 Ἡγησίστρατον,
844 905 967 968 οἰωνὸν
980 905 1018 968 τὸ
1028 903 1156 988 οὔνομα

152 1009 361 1092 ποιεύμενος·
376 1007 412 1072 οί
423 1002 622 1090 δέ”Ελληνες
632 1006 819 1093 ἐπισχόντες
827 1009 952 1092 ταύτην
960 1009 1022 1092 τήν
1029 1006 1155 1093 ἡμέρην

152 1121 192 1198 τῇ
205 1113 362 1199 ὑστεραίῃ
377 1111 632 1197 ἐκαλλιερέοντο,
647 1111 894 1197 μαντευομένου
908 1130 969 1198 σφι
979 1117 1156 1198 Δηιφόνου

153 1227 213 1284 τοῦ
239 1218 391 1302 Εὐηνίου
418 1218 542 1303 ἀνδρὸς
565 1215 845 1300 Ἀπολλωνιήτεω,
871 1214 1093 1302 Ἀπολλωνίης
1120 1217 1157 1284 ὐὲ

152 1333 210 1408 τῆς
228 1324 265 1390 ἐν
280 1321 386 1412 Ἰονίφ
405 1326 526 1411 κόλπφ,
545 1331 605 1388 τοῦ
622 1324 682 1388 τὸν
700 1320 823 1407 πατέρα
837 1321 995 1406 κατέλαβε
1008 1324 1157 1408 Εὐήνιον

152 1438 286 1516 πρήγμα
304 1429 449 1494 τοιόνδε·
468 1430 537 1494 ἔστι
555 1428 592 1494 ἐν
605 1436 644 1512 τῇ
655 1425 858 1513 Ἀπολλωνίη
874 1430 976 1515 ταύτη
991 1429 1046 1514 ίρά
1059 1429 1156 1513 ήλίου
1175 1453 1209 1502 οε

153 1538 317 1621 πρόβατα,
343 1535 384 1599 τὰ
405 1536 463 1611 τὰς
485 1530 546 1618 μὲν
568 1532 691 1618 ἡμέρας
713 1535 866 1615 βόσκεται
887 1536 976 1619 παρὰ
998 1537 1157 1620 ποταμόν,

154 1640 191 1716 ὃς
209 1640 246 1705 ἐκ
259 1639 434 1723 Λάκμονος
451 1640 547 1723 ὄρεος
560 1637 628 1723 ήέει
642 1639 697 1702 διὰ
714 1647 772 1721 τῆς
782 1633 1003 1724 Ἀπολλωνίης
1022 1641 1157 1726 [χώρης]

154 1747 187 1822 ἐς
205 1745 380 1810 θάλασσαν
397 1739 475 1828 παρ’
492 1740 633 1827 Ὤρικον
651 1740 777 1826 λιμένα,
795 1745 853 1819 τὰς
872 1739 908 1807 δέ
926 1745 1048 1820 νύκτας
1066 1744 1157 1830 ἀραι-

154 1849 292 1937 ρημένοι
319 1849 439 1933 ἀνδρες
466 1847 502 1912 οί
525 1847 657 1933 πλούτῳ
680 1869 714 1911 τε
741 1845 796 1911 καὶ
823 1846 915 1929 γένει·
940 1850 1158 1933 δοκιμώτατοι

153 1967 220 2021 τῶν
243 1955 363 2035 ἀστῶν,
387 1947 481 2018 οὗτοι
504 1952 714 2035 φυλάσσουσι
736 1952 890 2018 ἐνιαυτὸν
913 1951 1059 2031 ἕκαστος·
1082 1955 1159 2041 περὶ

154 2067 281 2127 πολλοῦ
307 2061 371 2146 γὰρ
398 2059 440 2141 δή
467 2066 638 2122 ποιεῦνται
661 2052 918 2141 Ἀπολλωνιῆται
943 2060 984 2123 τὰ
1009 2063 1158 2144 πρόβατα

154 2175 256 2232 ταῦτα
283 2165 319 2230 ἐκ
344 2165 552 2249 θεοπροπίου
578 2165 681 2239 τινός·
714 2162 750 2227 έν
778 2159 815 2227 δέ
838 2163 947 2250 ἀντρφ
970 2163 1159 2243 αὐλίζονται

155 2274 219 2337 ἀπὸ
241 2280 299 2355 τῆς
320 2273 436 2346 πόλιος
458 2268 541 2345 έκάς.
584 2270 669 2333 ἔνθα
692 2269 733 2352 δή
756 2270 829 2333 τότε
852 2267 870 2334 ό
893 2267 1039 2352 Εὐήνιος
1061 2265 1159 2348 οὗτος

156 2374 377 2462 ἀραιρημένος
412 2375 586 2458 ἐφύλασσε.
632 2376 691 2438 καί
722 2396 796 2438 κοτε
833 2373 936 2439 αὐτοῦ
971 2379 1159 2461 κατακοιμί-

156 2499 276 2559 σαντος
297 2482 359 2565 τήν
382 2481 535 2565 φυλακήν
557 2482 779 2565 παρελθόντες
801 2481 897 2546 λύκοι
920 2480 954 2557 ές
975 2481 1012 2546 τὸ
1036 2482 1159 2566 ἄντρον

157 2587 356 2673 διέφθειραν
368 2596 436 2652 τῶν
449 2586 625 2670 προβάτων
639 2584 683 2662 ὡς
697 2584 861 2669 ἑξήκοντα.
893 2584 911 2650 ὁ
927 2581 964 2650 δέ
978 2584 1023 2662 ὡς
1036 2586 1159 2668 ἐπήισε,

157 2689 223 2778 εἶχε
250 2700 327 2778 σιγή
349 2689 404 2757 καί
430 2693 549 2776 ἔφραζε
574 2690 702 2774 οὐύενί,
730 2691 767 2755 ἐν
790 2693 857 2776 νόφ
881 2693 966 2774 ἔχων
989 2689 1159 2754 ἀντικατα-

156 2801 290 2882 στήσειν
308 2799 391 2862 ἀλλα
408 2797 596 2883 πριάμενος.
626 2794 682 2861 καί
700 2795 741 2860 οὐ
759 2797 822 2879 γὰρ
839 2798 940 2860 ἔλαθε
952 2797 1032 2870 τοὺς
1046 2793 1159 2860 Ἀπολ-

156 2905 319 2986 λωνιήτας
339 2909 442 2968 ταῦτα
463 2904 641 2984 γενόμενα,
665 2897 735 2965 ἀλλ’
762 2900 807 2976 ὡς
830 2900 1010 2982 ἐπύθοντο,
1034 2899 1159 2982 ὑπανα-

156 3012 272 3093 γόντες
293 3032 351 3093 μιν
377 3007 442 3072 ὑπὸ
471 3007 683 3092 δικαστήριον
705 3003 916 3090 κατέκριναν,
944 3004 989 3081 ὡς
1010 3005 1071 3087 τήν
1096 3028 1160 3088 φυ-

157 3116 261 3197 λακήν
283 3116 575 3198 κατακοιμίσαντα,
602 3120 660 3194 τῆς
682 3113 777 3189 όυιος
800 3115 1011 3192 στερηθήναι.
1056 3109 1160 3174 ἐπείτε

158 3217 195 3284 δέ
217 3221 276 3286 τὸν
294 3219 444 3302 Εὐήνιον
467 3216 707 3300 ἐξετύφλωσαν,
731 3216 847 3280 αὐτίκα
865 3216 946 3300 μετὰ
963 3222 1065 3279 ταῦτα
1084 3215 1160 3280 οὐτε

157 3326 305 3410 πρόβατά
331 3341 393 3410 σφι
419 3326 522 3390 ἐτικτε
549 3323 625 3388 οὐτε
651 3331 694 3406 μή
722 3324 818 3406 ἔφερε
846 3321 967 3405 ὁμοίως
995 3320 1160 3404 [καρπόν].

158 3432 332 3512 πρόφαντα
369 3429 408 3495 ὐέ
438 3447 498 3514 σφι
530 3431 567 3493 ἐν
597 3451 633 3493 τε
660 3428 812 3512 Δωδώνη
844 3423 899 3490 καὶ
931 3425 967 3491 έν
995 3431 1160 3509 Δελφοῖσι

894 3531 949 3585 24*
