2678 3968
390 307 532 364 L13.v11.
570 308 646 365 cAP.
666 316 823 366 εει-ωε.
1045 313 1109 379 245

108 453 324 538 Ἷπεράνθης,
352 451 388 520 ἐκ
414 462 471 536 τῆς
495 447 655 538 Ἀρτάνεω
683 456 852 539 θυγατρὸς
877 459 1113 540 Φραταγούνης

107 561 280 642 γεγονότες
306 561 449 646 Δαρείῳ.
482 559 500 624 6
531 556 568 624 δέ
596 553 752 644 Ἀρτάνης
783 563 931 642 Δαρείου
963 559 1023 646 μέν
1053 573 1113 630 τοῦ

107 663 260 747 βασιλέος
285 659 328 748 ην
355 664 529 749 ἀδελφεός,
557 663 751 743 Ὑστάσπεος
783 663 820 731 66
852 675 912 732 τοῦ
939 665 1114 753 Ἀρσάμεος

106 781 196 850 παῖς·
220 770 256 848 ὃς
277 769 332 836 καὶ
355 771 507 848 ἐκδιδοὺς
525 772 586 854 την
604 769 774 856 θυγατέρα
792 776 925 859 Δαρείῳ
944 775 1003 838 τὸν
1022 771 1113 840 οἷκον

10 937 14 956 ,
106 877 213 942 πάντα
235 879 294 941 τὸν
316 875 441 942 ἑωυτοῦ
461 877 612 959 ἐπέδωκε,
637 877 681 954 ὡς
704 878 833 961 μούνου
851 879 887 943 οί
902 879 1020 963 ἐούσης
1038 884 1114 946 ταύ-

107 1006 165 1066 της
188 981 315 1050 τέκνου.
352 981 479 1068 Ξέρξεώ
502 1006 537 1048 τε
567 984 608 1066 δη
634 984 695 1048 δύο
715 981 871 1067 ἀδελφεοὶ
889 983 1036 1051 ἐνθαῦτα
1053 989 1105 1051 πί·
1113 1005 1164 1055 εεε

107 1107 226 1154 ττουσι
244 1091 424 1174 μαχόμενοι
442 1087 523 1174 (καὶ)
543 1085 625 1173 ὑπέρ
643 1097 704 1153 τοῦ
721 1099 843 1174 νεκροῦ
861 1099 921 1155 τοῦ
939 1093 1114 1158 Λεωνίδεω

108 1193 267 1280 Περσέων
285 1218 320 1260 τε
343 1193 398 1260 καὶ
420 1196 695 1278 Λακεδαιμονίων
720 1195 869 1279 ὠθισμὸς
892 1194 1017 1278 έγίνετο
1036 1203 1114 1264 πολ-

108 1305 180 1384 λός,
213 1301 246 1366 ἐς
273 1301 291 1366 6
318 1302 438 1368 τοῦτόν
469 1323 504 1365 τε
531 1301 629 1385 άρετη
658 1301 693 1365 οί
711 1299 867 1385 Ἕλληνες
899 1301 1114 1390 ὑπεξείρυσαν

107 1407 162 1474 καὶ
181 1404 359 1492 ἐτρέψαντο
377 1410 455 1483 τοὺς
474 1407 645 1483 ἐναντίους
663 1408 818 1492 τετράκις.
842 1416 940 1473 τοῦτο
960 1405 997 1474 66
1019 1426 1114 1475 συνε-

108 1517 222 1597 στήκεε
245 1511 339 1599 μέχρι
362 1508 403 1578 ού
427 1514 461 1578 οί
482 1515 545 1578 σύν
565 1511 717 1598 Ἐπιάλτῃ
745 1513 975 1598 παρεγένοντο.
1007 1515 1052 1591 ὡς
1078 1513 1115 1579 66

108 1607 246 1696 τούτους
277 1620 369 1703 ἥκειν
398 1618 565 1684 ἐπύθοντο
597 1619 633 1683 oc
653 1617 825 1702 Ἕλληνες,
863 1618 1019 1702 ἐνθεῦτεν
1050 1621 1113 1704 ἤδη

109 1725 293 1811 ἑτεροιοῦτο
322 1727 359 1791 τὸ
381 1735 502 1802 νεῖκος·
531 1728 564 1801 ές
586 1747 621 1789 τε
643 1727 706 1809 γάρ
730 1727 767 1790 τὸ
792 1727 923 1791 στεινὸν
950 1735 1006 1809 τῆς
1034 1726 1115 1792 ὀδοῦ

10 1867 11 1870 “
108 1832 294 1917 ἀνεχώρεον
313 1832 417 1896 ὀπίσω
436 1830 491 1895 καί
513 1831 797 1914 παραμειψάμενοι
817 1832 854 1895 τὸ
873 1841 979 1915 τεῖχος
998 1832 1114 1898 έλθόν-

10 1943 29 1968 '
108 1962 161 2016 τες
192 1939 299 2017 ἵζοντο
332 1935 385 2002 ἐπὶ
415 1939 475 2002 τὸν
507 1939 657 2002 κολωνὸν
688 1938 807 2012 πάντες
839 1934 930 2013 ἁλέες
962 1938 998 2002 οί
1022 1939 1115 2004 άλλοι

108 2047 194 2128 πλὴν
217 2047 382 2128 Θηβαίων.
415 2043 433 2108 6
457 2040 494 2107 δέ
516 2045 662 2119 κολωνός
685 2041 753 2108 ίστι
776 2042 814 2107 έν
836 2050 874 2127 τῇ
894 2041 1010 2130 ἐσόδῳ,
1035 2044 1114 2109 ὅκου

109 2160 173 2218 νῦν
200 2150 218 2216 6
245 2154 376 2226 λίθινος
408 2147 492 2214 λέων
524 2148 638 2232 ἕστηκε
669 2147 724 2213 έπλ
751 2149 914 2234 Λεωνίδη.
942 2148 978 2213 έν
1009 2151 1114 2236 τούτῳ

109 2256 214 2342 σφέας
238 2264 284 2344 τῷ
311 2257 407 2343 χώρῳ
435 2253 651 2338 ἀλεξομένους
673 2257 865 2339 μαχαίρησι,
898 2265 984 2319 τοῖσι
1006 2255 1115 2321 αὐτῶν

110 2365 291 2447 ἐτύγχανον
314 2366 362 2427 ἔτι
384 2369 588 2447 περιεοῦσαι,
612 2358 667 2425 καὶ
689 2358 781 2446 χερσὶ
804 2359 859 2426 καί
882 2363 1020 2446 στόμασι
1041 2386 1116 2427 κατ-

110 2470 236 2555 έχωσαν
265 2469 300 2534 oc
324 2468 485 2552 βάρβαροι
512 2468 703 2550 βάλλοντες,
736 2468 777 2531 oc·
802 2464 862 2551 μέν
899 2465 931 2545 ἐξ
965 2466 1116 2552 ἐναντίης

110 2576 323 2658 ἐπισπόμενοι
353 2571 409 2639 καὶ
435 2574 472 2638 τὸ
500 2576 604 2657 ἔρυμα
631 2581 691 2637 τοῦ
722 2576 845 2657 τείχεος
877 2574 1115 2658 συγχώσαντες,

111 2683 145 2748 οί
166 2679 203 2747 66
225 2683 456 2766 περιελθόντες
479 2679 647 2744 πάντοθεν
670 2680 878 2764 περισταδόν.

198 2787 472 2871 Λακεδαιμονίων
496 2782 532 2850 66
554 2783 609 2849 καὶ
631 2783 799 2850 Θεσπιέων
822 2784 984 2848 τοιούτων
1013 2801 1167 2864 γενο-εεσ

22 2939 25 2956 2
110 2893 220 2980 μένων
244 2893 331 2976 ὅμως
353 2890 481 2974 λέγεται
504 2892 636 2975 άριστος
659 2889 744 2975 ἀνὴρ
771 2886 929 2972 γενέσθαι
951 2891 1116 2971 Σπαρτιη-

110 3025 167 3084 της
194 2998 372 3084 Διηνέκης·
398 2999 457 3062 τὸν
484 2997 561 3061 τόδε
589 2993 671 3079 φασί
698 2996 802 3060 εἰπεῖν
829 2995 867 3059 τὸ
895 2995 972 3069 έπος
994 2989 1073 3077 πρὶν
1095 2992 1115 3076 ἢ

110 3106 270 3191 συμμῖξαί
294 3122 397 3189 σφεας
423 3125 509 3167 τοιοι
537 3103 701 3184 Μήδοισι,
730 3103 924 3184 πυθόμενον
952 3101 1034 3182 πρός
1060 3120 1117 3163 τευ

110 3223 176 3278 τῶν
204 3213 390 3297 Τρηχινίων
413 3211 457 3286 ὡς
480 3207 578 3274 ἐπεάν
603 3207 638 3272 ολ
657 3207 820 3291 βάρβαροι
843 3203 979 3270 άπιέωσι
1001 3205 1041 3268 τὰ
1063 3227 1116 3270 το-

111 3319 263 3402 ξεύματα,
286 3318 345 3382 τὸν
367 3317 463 3400 ἥλιον
485 3315 550 3380 ὑπὸ
571 3322 631 3377 τοῦ
649 3315 796 3394 πλήθεος
813 3321 880 3376 τῶν
899 3310 1019 3376 ὀϊστῶν
1037 3309 1116 3376 ἀπο-

110 3439 303 3510 κρύπτουσι·

111 3527 311 3612 ἐκπλαγέντα
332 3528 479 3591 τούτοισι
503 3527 620 3606 εἰπεῖν,
651 3524 688 3591 έν
711 3524 828 3608 άλογίη
855 3522 1058 3604 ποιεύμενον
1079 3523 1116 3587 τὸ
