2572 3980
408 279 474 335 ΙιΙΒ.
489 281 522 336 V.
559 281 635 336 eAP.
655 287 776 338 20-24.
887 239 890 246 Ι
1052 286 1091 348 11

178 422 374 506 Μεγάβαζος
405 419 442 489 δὲ
474 425 565 507 ἀγωυ
596 427 675 501 τοὺς
702 429 850 502 Παίονας
876 426 1009 492 ἀπίκετο
1041 425 1095 492 ἐπὶ
1113 445 1148 495 23

90 528 150 593 τὸν
173 527 429 612 Ἑλλήσποντον,
452 528 610 595 ἐνθεῦτεν
633 530 887 616 διαπεραιωθεὶς
907 531 1039 597 ἀπίκετο
1062 531 1097 610 ές

89 633 228 719 Σάρδις.
273 634 330 699 ίίτε
353 631 389 700 δὲ
416 634 599 720 τειχέοντος
624 638 689 720 ήδη
717 633 872 702 Ἱστιαίου
898 647 959 702 τοῦ
985 641 1096 721 Μιλη-

90 742 167 805 σίου
184 740 247 822 τήν
264 742 352 826 παρὰ
366 744 513 826 Δαρείου
531 743 668 826 αἰτήσας
686 746 778 828 ἔτυχε
796 745 921 828 μισθὸν
938 745 1095 829 [δωρεὴν]

90 849 241 930 φυλακῆς
269 854 326 929 τῆς
357 847 503 930 σχεδίης,
536 847 648 925 ἐόντος
679 845 716 914 δὲ
746 857 807 914 τοῦ
838 849 947 934 χώρου
975 849 1096 913 τούτου

88 951 179 1036 παρὰ
204 952 384 1036 Στρυμόνα
410 953 573 1036 ποταμόν,
600 960 646 1041 τῷ
670 953 798 1038 ούνομά
821 953 888 1018 ἐστι
911 953 1096 1037 Μύρκινος,

89 1057 211 1140 μαθὼν
238 1054 256 1122 ὁ
280 1055 474 1138 Μεγάβαζος
500 1058 538 1122 τὸ
565 1059 764 1142 ποιεύμενον
793 1057 829 1123 ἐκ
850 1066 911 1122 τοῦ
929 1054 1097 1140 Ἱστιαίου,

88 1161 134 1238 ὡς
161 1155 247 1245 ήλθε
272 1162 407 1246 τάχιστα
434 1162 468 1238 ἐς
492 1163 549 1239 τάς
570 1163 698 1246 Σάρδις
720 1164 812 1247 ἄγων
833 1165 912 1239 τοὺς
936 1166 1096 1246 Παίονας,

88 1269 181 1351 ἔλεγε
199 1270 332 1356 Δαρείφ
354 1267 447 1332 τάδε·
464 1258 503 1332 Ὠ
525 1271 672 1352 βασιλεῦ,
695 1271 789 1335 κοῖόν
811 1292 843 1334 τι
861 1278 969 1354 χρῆμα
987 1269 1097 1352 ε’ποίη-

88 1389 166 1456 σας,
198 1371 296 1458 ἀνδρὶ
320 1371 456 1457 Ἕλληνι
489 1373 587 1461 δεινῷ
614 1397 650 1440 τε
681 1372 736 1440 καὶ
763 1382 858 1461 σοφῷ
887 1376 967 1451 δοὺς
994 1373 1096 1457 ἐγκτί-

88 1485 217 1545 σασθαι
247 1481 345 1544 πόλιν
377 1478 414 1544 έν
445 1482 587 1565 Θρηίκῃ,
617 1479 673 1544 ίνα
700 1480 755 1564 ίδη
782 1502 818 1546 τε
844 1480 1097 1564 ναυπηγήσιμος

88 1588 161 1650 ἔστι
184 1585 338 1666 ἄφθονος
360 1581 415 1649 καί
432 1583 551 1650 πολλοὶ
568 1585 691 1662 κωπέες
708 1583 762 1650 καί
780 1584 922 1670 μέταλλα
940 1584 1096 1669 ἀργύρεα,

88 1692 204 1776 ὅμιλός
235 1713 270 1756 τε
296 1692 418 1768 πολλὸς
446 1687 507 1775 μὲν
532 1688 655 1774 Ἕλλην
686 1690 876 1775 περιοικέει,
910 1691 1032 1766 πολλὸς
1059 1685 1096 1754 δὲ

87 1798 269 1881 βάρβαρος,
289 1798 325 1861 οδ
342 1797 530 1881 προστάτεω
554 1797 785 1882 ἐπιλαβόμενοι
802 1798 979 1880 ποιήσουσι
996 1803 1095 1860 τοῦτο

86 1906 126 1970 τὸ
160 1902 203 1969 ἀν
229 1912 338 1980 κείνας
367 1901 536 1987 ἐξηγέηται
561 1901 616 1968 καὶ
646 1901 770 1986 ἡμέρης
798 1899 853 1967 καὶ
880 1903 1007 1978 νυκτός.
1053 1901 1095 1965 σύ
1171 1933 1173 1937 ·

88 2033 155 2076 νυν
182 2017 302 2075 τοῦτον
330 2009 389 2074 τὸν
415 2009 522 2095 ἀνδρα
548 2017 679 2073 παῦσον
706 2016 809 2073 ταῦτα
835 2015 1007 2088 ποιεῦντα,
1040 2006 1096 2071 ἵνα
1149 2070 1151 2074 .

86 2117 133 2201 μὴ
162 2115 278 2202 οίκηίῳ
301 2112 432 2202 πολέμῳ
456 2113 588 2200 συνέχη.
632 2115 743 2201 τρόπῳ
767 2109 804 2177 δὲ
826 2112 912 2198 ήπίω
936 2133 1095 2196 μεταπεμ-

86 2221 237 2306 ψάμενος
263 2229 408 2285 παῦσον·
438 2219 537 2286 ε’πεάν
565 2216 602 2285 δὲ
625 2219 728 2284 αὐτὸν
751 2218 943 2304 περιλάβης,
970 2217 1095 2284 ποιέειν

86 2329 176 2404 ὅκως
193 2323 307 2411 μηκέτι
324 2335 433 2402 κεῖνος
451 2325 484 2403 ἐς
498 2323 660 2409 Ἕλληνας
678 2323 831 2403 ἀπίξεται.
867 2332 970 2389 ταῦτα
989 2322 1094 2407 λέγων
1113 2351 1146 2399 24

87 2434 105 2499 ὁ
120 2432 321 2516 Μεγάβαζος
339 2431 498 2510 εὐπετέως
516 2434 629 2498 ἔπειθε
643 2439 791 2516 Δαρεῖον
810 2431 855 2509 όις
872 2425 910 2497 εὖ
922 2431 1094 2516 προορέωυ

85 2541 124 2605 τὸ
149 2538 272 2623 μέλλον
294 2539 458 2622 γίνεσθαι.
502 2539 581 2622 μετὰ
604 2535 640 2603 δὲ
663 2537 792 2622 πέμψας
814 2539 956 2622 ἄγγελον
979 2537 1013 2614 ἐς
1033 2538 1095 2620 τήν

85 2647 269 2730 Μύρκινον
300 2644 320 2710 δ
346 2649 491 2726 Δαρεῖος
521 2647 611 2728 ἔλεγε
640 2645 731 2709 τάδε·
763 2641 909 2724 Ἱστιαῖε,
941 2643 1096 2726 βασιλεὺς

86 2758 235 2834 Δαρεῖος
256 2749 335 2815 τάδε
362 2749 463 2832 λέγει·
491 2749 555 2833 ἐγὼ
583 2753 768 2835 φροντίζων
795 2749 937 2832 εὑρίσκω
966 2747 1041 2831 ἐμοί
1060 2769 1094 2810 τε

83 2854 142 2922 καὶ
175 2865 263 2920 τοῖσι
294 2855 401 2940 ἐμοῖσι
432 2857 600 2940 πρήγμασι
631 2851 717 2920 εἶναι
748 2853 871 2920 ούδένα
902 2861 960 2916 σεῦ
987 2851 1094 2933 ἀνδρα

85 2959 321 3046 εὐνοέστερον,
349 2968 446 3026 τοῦτο
475 2958 513 3025 δὲ
541 2961 581 3026 ού
609 2962 737 3044 λύγοισι
765 2955 838 3023 ἀλλ’
870 2960 995 3042 ἔργοισι
1019 2950 1094 3021 οίδα

84 3067 218 3152 μαθών.
263 3074 327 3130 νῦν
351 3061 413 3148 ὦν,
436 3065 574 3132 ἐπινοέω
592 3067 655 3150 γάρ
677 3066 851 3152 πρήγματα
873 3061 998 3147 μεγάλα
1020 3085 1095 3126 κατ-

84 3172 310 3260 εργάσασθαι,
334 3171 452 3235 ἀπίκεό
491 3194 548 3257 μοι
570 3171 714 3251 πάντως,
739 3169 794 3233 ἵνα
816 3190 868 3232 τοι
891 3167 974 3233 αὐτὰ
996 3167 1095 3253 ὑπερ-

83 3280 228 3364 θέωμαι.
273 3278 420 3342 τούτοισι
450 3287 537 3342 τοῖσι
569 3279 660 3342 ἔπεσι
690 3274 865 3350 πιστεύσας
896 3272 914 3338 δ
941 3269 1094 3350 Ἱστιαῖος

83 3385 141 3452 καί
174 3385 242 3468 ἅμα
271 3382 353 3467 μέγα
380 3383 575 3467 ποιεύμενος
607 3378 760 3464 βασιλέος
787 3379 976 3463 σύμβουλος
1002 3380 1094 3464 γενέ-

84 3499 169 3558 σθαι
197 3490 331 3555 ἀπίκετο
359 3488 392 3565 ές
418 3491 475 3566 τὰς
497 3489 631 3574 Σάρδις.
677 3484 863 3573 ἀπικομένῳ
887 3483 926 3550 δέ
948 3485 983 3549 οί
1003 3487 1092 3569 ἔλεγε
