2640 3960
228 271 272 334 50
641 265 829 322 HERODOTI

228 414 424 497 Κορινθίων
447 411 575 494 ἐδίωξε,
598 413 741 487 πολλοὺς
763 407 801 476 δέ
823 410 999 497 χρημάτων
1022 404 1236 494 ἀπεστέρησε,
1295 439 1296 450 2

199 525 216 589 ζ
231 522 342 604 πολλῷ
362 517 401 583 δέ
416 542 448 583 τι
465 521 639 595 πλείστους
655 527 713 601 τῆς
731 527 845 602 ψυχῆς.
882 511 1095 602 ἄρξαντοςδέ
1112 517 1236 582 τούτου

229 621 283 689 ἐπὶ
304 625 481 708 τριήκοντα
504 626 576 690 ἔτεα
598 622 653 689 καλ
676 622 909 701 διαπλέξαντος
931 624 990 687 τὸν
1012 625 1088 705 βίον
1107 616 1146 688 εὑ
1166 623 1236 688 διά·
1296 706 1297 710 ¹

229 729 328 814 δοχός
356 731 391 794 οί
415 739 472 814 τῆς
498 730 697 814 τυραννίδος
723 729 741 795 ὁ
769 739 844 806 παῖς
867 729 1078 813 Περίανδρος
1099 731 1235 810 γίνεται.

229 834 248 900 ὑ
280 839 397 900 τοίνυν
427 837 635 922 Περίανδρος
663 832 734 900 κατ’
767 835 868 920 ἀρχάς
894 832 955 919 μὲν
985 829 1029 918 ήν
1055 834 1237 920 ἠπιώτερος

228 950 290 1006 τοῦ
317 944 453 1027 πατρός,
481 941 586 1007 ἐπείτε
614 937 651 1006 δέ
679 942 823 1026 ὡμίλησε
853 939 897 1006 δι’
929 939 1077 1024 ἀγγέλων
1106 945 1236 1025 Θρασυ-

229 1048 340 1134 βούλςυΙ
368 1056 413 1136 τςό
436 1049 589 1130 Μιλήτου
612 1047 780 1135 τυράννῳ,
808 1051 919 1134 πολλῷ
943 1049 991 1112 ἐτι
1014 1044 1145 1130 ἐγένετο
1167 1051 1236 1112 Κυ-
1297 1024 1298 1048 ¹

229 1152 333 1229 ύέλου
352 1153 622 1238 μιαιφονώτερος.
661 1149 791 1236 πέμψας
807 1155 871 1236 γάρ
889 1154 977 1238 παρὰ
995 1153 1237 1236 Θρασύβουλον

229 1261 356 1344 κήρυκα
386 1258 592 1325 ἐπυνθάνετο
625 1258 739 1324 ὅντινα
766 1257 809 1323 ἀν
835 1261 960 1344 τρόπον
987 1257 1236 1342 ἀσφαλέστατον

229 1364 515 1448 καταστησάμενος
545 1374 612 1428 τῶν
640 1363 840 1447 πρηγμάτων
867 1365 1023 1428 κάλλιστα
1050 1364 1111 1446 τήν
1138 1367 1238 1430 πόλιν
1298 1344 1299 1370 ¹

230 1470 448 1555 ἐπιτροπεύοι.
493 1471 730 1554 Θρασύβουλος
758 1465 795 1534 δέ
817 1471 876 1534 τὸν
900 1469 1043 1534 ἐλθόντα
1065 1471 1154 1554 παρὰ
1176 1480 1237 1536 τοῦ

229 1577 444 1661 Περιάνδρου
463 1574 555 1658 ἐξῆγε
573 1574 634 1654 ἔξω
652 1583 713 1640 τοῦ
729 1575 855 1658 ἄστεος,
875 1575 972 1658 ἐσβὰς
987 1572 1024 1640 δὲ
1039 1575 1072 1652 ἐς
1085 1577 1236 1662 ἄρουραν

230 1680 439 1765 ἐσπαρμένην
470 1682 536 1764 ἄμα
566 1704 601 1746 τε
633 1679 753 1764 διεξήιε
780 1683 817 1746 τὸ
845 1684 943 1764 λήιον
971 1681 1176 1767 ἐπειρωτέωυ
1202 1706 1236 1748 τε
1299 1677 1300 1680 “

230 1786 286 1854 καὶ
313 1787 520 1866 ἀναποδίζων
546 1789 605 1853 τὸν
632 1789 759 1874 κήρυκα
785 1789 867 1852 κυτά
888 1789 950 1869 τήν
973 1787 1037 1853 ἀπὸ
1059 1791 1237 1873 Κορίνθου

230 1893 351 1975 ἄπιξιν,
374 1891 429 1958 καὶ
452 1893 585 1960 ἐκόλουε
608 1891 672 1960 αίεὶ
695 1895 779 1970 ὅκως
796 1895 870 1959 τιυά
889 1894 957 1958 ίδοι
975 1904 1042 1958 τῶν
1061 1893 1236 1978 ἀσταχύων

230 1999 446 2085 ὑπερέχοντα,
469 2002 620 2066 κολούων
647 1997 684 2065 δέ
712 2003 859 2085 ἔρριπτε,
891 1997 923 2075 ἐς
946 1998 965 2064 ὃ
992 2008 1052 2064 τοῦ
1079 2003 1177 2082 ληίου
1199 2002 1235 2066 τὸ
1300 2055 1301 2060 ,

230 2107 404 2173 κάλλιστόν
426 2130 462 2172 τε
484 2105 539 2173 καὶ
558 2107 749 2191 βαθύτατον
768 2103 939 2189 διέφθειρε
957 2107 1067 2192 τρόπῳ
1087 2109 1236 2195 τοιούτῳ.

231 2211 411 2289 διεξελθὼν
441 2210 478 2278 δὲ
505 2215 542 2278 τὸ
565 2215 687 2297 χωρίον
713 2209 769 2275 καὶ
795 2209 1003 2294 ὑποθέμενος
1031 2214 1108 2288 ἔπος
1137 2210 1238 2278 οὐδὲν

231 2315 413 2400 ἀποπέμπει
440 2321 499 2383 τὸν
526 2321 661 2402 κήρυκα.
705 2319 929 2399 νοστήσαντος
952 2313 989 2381 δέ
1011 2323 1072 2382 τοῦ
1094 2320 1239 2402 κήρυκος

231 2419 265 2496 ἐς
286 2421 347 2501 τὴν
364 2425 540 2505 Κόρινθον
562 2418 605 2504 ἦν
627 2424 803 2507 πρόθυμος
824 2423 1059 2488 πυνθάνεσθαι
1077 2424 1139 2506 τήν
1158 2425 1238 2490 ὑπο-

230 2526 342 2608 θήκην
360 2526 378 2591 ὁ
393 2529 609 2614 Περίανδρος.
646 2527 664 2593 ὁ
684 2525 721 2592 δὲ
740 2525 841 2592 οὐδέν
860 2528 895 2592 οί
911 2531 975 2613 ἐφη
995 2530 1240 2615 Θρασύβουλον

231 2632 436 2716 ὑποθέσθαι,
465 2633 633 2717 θωμάζειν
655 2644 690 2698 τε·
718 2632 821 2698 αὑτοῦ
849 2630 926 2720 παρ’
953 2627 1026 2700 οἷόν
1049 2660 1107 2719 μιν
1130 2638 1239 2722 ἄνδρα

232 2738 447 2824 ἀποπέμψειε,
475 2738 520 2815 ὡς
545 2739 742 2825 παραπλῆγά
768 2737 880 2805 τεκαὶ
906 2751 973 2805 τῶν
997 2739 1124 2806 ἑωυτοῦ
1146 2743 1239 2807 σινά-

232 2869 357 2931 μωρον,
376 2845 599 2929 ἀπηγεόμενος
616 2845 656 2910 τά
673 2867 734 2932 περ
748 2847 830 2930 πρὸς
844 2848 1086 2932 Θρασυβούλου
1100 2846 1238 2914 ὀπώπεε.
1300 2847 1301 2850 '

197 2974 215 3023 η
234 2952 444 3036 Περίανδρος
466 2947 503 3016 δέ
526 2949 652 3028 συνιεὶς
673 2953 711 3017 τὸ
734 2949 877 3034 ποιηθὲν
899 2950 954 3017 καλ
976 2955 1043 3042 νόφ
1068 2959 1171 3038 ἴσχων
1194 2955 1239 3030 ὥς

233 3058 269 3122 οί
289 3057 462 3121 ὑπετίθετο
481 3059 718 3142 Θρασύβουλος
738 3061 817 3134 τοὺς
837 3058 1020 3144 ὑπερόχους
1042 3070 1109 3124 τῶν
1128 3060 1238 3124 ἀστῶν

233 3161 401 3244 φονεύειν,
421 3161 568 3228 ἐνθαῦτα
586 3165 627 3246 δή
645 3173 754 3228 πᾶσαν
772 3165 933 3246 κακότητα
948 3163 1098 3248 ἐξέφαινε
1112 3164 1147 3240 ἐς
1159 3167 1239 3241 τοὺς

233 3267 399 3348 πολιήτας.
445 3268 506 3332 ὅσοι
532 3269 595 3353 γάρ
623 3269 777 3345 Κύψελος
803 3266 937 3333 ἀπέλιπε
965 3273 1103 3335 κτείνων
1124 3294 1160 3336 τε
1183 3268 1238 3336 καὶ

235 3371 377 3454 διώκων,
401 3375 608 3458 Περίάνδρός
630 3390 716 3456 σφεα
739 3371 898 3455 ἀπετέλεε,
921 3383 979 3459 μιῇ
1000 3371 1036 3439 δὲ
1054 3374 1159 3460 ἡμέρη
1178 3375 1239 3441 ἀπ-

234 3476 333 3543 έδυσε
355 3479 461 3554 πάσας
482 3479 540 3553 τάς
557 3480 752 3562 Κορινθίων
773 3488 932 3562 γυναῖκας
955 3480 1010 3544 διά
1031 3481 1091 3563 τήν
1110 3479 1242 3548 ἑωυτοῦ
