2678 3970
429 280 495 335 ΜΒ.
510 280 570 339 vll.
608 281 684 338 cAP.
704 289 825 340 ἰο-οε.
1072 283 1134 346 ΓΠ

128 419 356 509 δ’Τδάρνεος,
387 423 561 491 ἐκαλέοντο
590 422 627 492 δέ
649 426 812 493 ἀθάνατοι
835 429 871 493 οί
890 426 1018 514 Πέρσαι
1041 423 1135 494 οὗτοι

129 525 183 593 ἐπὶ
201 530 314 596 τοῦδε·
332 537 367 596 εί
379 554 429 608 τις
441 531 558 597 ἀὐτῶν
577 531 701 611 ἐξέλιπε
718 535 778 598 τὸν
796 533 941 619 ἀριθμὸν
958 534 979 618 ἢ
997 533 1135 622 θανάτῳ

129 632 262 718 βιηθεὶς
283 634 304 719 ἢ
328 637 455 724 νούσω,
479 638 578 714 άλλος
600 638 683 724 ἀνὴρ
707 638 880 725 ἀραίρητο,
904 637 960 704 καί
982 639 1133 722 ἐγίνοντο

130 740 261 826 οὐδαμά
285 742 361 807 ούτε
383 747 522 820 πλεῦνες
544 747 673 829 μυρίων
692 745 768 809 οὔτε
787 745 971 822 ἐλάσσονες.
1007 747 1135 829 κόσμον

129 844 168 914 δέ
190 853 347 913 πλεῖστον
369 852 565 934 παρείχοντο
590 851 645 915 διδ
666 850 801 915 πάντων
819 849 947 936 Πέρσαι
964 848 1020 916 καὶ
1038 849 1133 916 αὐτοὶ

129 956 259 1040 ἄριστοι
280 950 375 1038 ἦσαν.
412 956 535 1038 σκευὴν
557 951 619 1040 μέν
640 956 797 1039 τοιαύτην
819 951 910 1040 εἶχον
928 957 949 1040 ἥ
966 977 1027 1040 περ
1046 961 1134 1040 εἰρη-

129 1084 194 1142 ται,
217 1059 317 1146 χωρὶς
340 1057 377 1127 δέ
399 1063 525 1147 χρυσόν
546 1084 581 1126 τε
603 1063 729 1127 πολλὸν
751 1059 806 1127 καὶ
828 1063 985 1147 άφθονον
1004 1065 1135 1146 ἔχοντες
1210 1047 1214 1056 ’

29 1157 33 1164 ’
131 1167 321 1253 ἐνέπρεπον.
357 1166 546 1252 ἁρμαμάξας
568 1191 603 1233 τε
621 1168 687 1253 άμα
704 1170 837 1252 ἤγοντο,
857 1168 894 1234 ἐν
912 1164 950 1234 δέ
967 1169 1135 1246 παλλακάς

130 1272 185 1339 καὶ
207 1273 395 1359 θεραπηίην
417 1275 544 1357 πολλήν
565 1296 600 1338 τε
622 1271 677 1338 καί
700 1269 738 1339 εὖ
761 1271 1013 1358 ἐσκευασμένην.
1058 1285 1133 1340 σῖτα

130 1378 171 1446 δέ
196 1397 272 1463 σφι,
304 1377 403 1465 χωρίς
428 1389 495 1444 τῶν
522 1381 632 1444 ἄλλων
664 1377 904 1466 στρατιωτέων,
931 1379 1075 1464 κάμηλοί
1097 1403 1132 1446 τε

130 1485 185 1554 κοιλ
206 1486 367 1569 ὑποζύγια
388 1481 481 1569 ἦγον.

215 1589 358 1658 Ἱππεύει
381 1587 418 1657 δέ
440 1601 543 1657 ταῦτα
564 1594 605 1658 τά
627 1595 742 1658 ἔθνεα·
763 1593 850 1677 πλὴν
868 1593 909 1658 ού
927 1593 1034 1658 πάντα
1051 1615 1132 1679 παρ·
1150 1609 1186 1660 ⁸⁴

131 1704 236 1786 είχετο
265 1699 367 1764 ἵππον
374 1746 384 1782 ,
417 1697 499 1764 ἀλλά
526 1699 645 1764 τοσάδε
675 1707 798 1784 μοῦνα,
829 1698 957 1784 Πέρσαι
984 1695 1045 1783 μὲν
1071 1701 1132 1782 τὴν

131 1807 236 1891 αὐτην
259 1803 492 1889 ἐσκευασμένοι
514 1802 569 1869 καὶ
590 1804 608 1870 δ
626 1805 720 1883 πεζὸς
738 1805 861 1870 αὐτῶν·
882 1806 969 1888 πλὴν
988 1803 1040 1870 ἐπὶ
1057 1814 1129 1890 τῇσι

2 1960 10 1986 ,
130 1919 293 1999 κεφαλῇσι
320 1905 410 1996 εἶχον
432 1908 632 1994 μετεξέτεροι
654 1909 764 1976 αὐτῶν
786 1908 841 1975 καὶ
863 1911 983 1995 χάλκεα
1005 1908 1059 1976 καλ
1083 1928 1131 1976 σι·

130 2023 234 2106 δήρεα
261 2016 478 2100 ἐξεληλαμένα
504 2018 677 2100 ποιήματα.
722 2011 786 2081 ε’ίσλ
814 2015 853 2081 δέ
877 2040 964 2094 τινες
989 2018 1132 2102 νομάδες
1149 2033 1185 2083 8⁵

129 2129 318 2214 ἅνθρωποι,
341 2123 523 2207 Σαγάρτιοι
540 2124 744 2206 καλεόμενοι,
768 2125 869 2198 ἔθνος
886 2120 946 2206 μὲν
965 2125 1132 2209 Περσικὸν

128 2231 185 2300 καλ
208 2239 320 2315 φωνῇ,
348 2229 471 2312 σκευην
493 2225 530 2293 δὲ
553 2226 674 2312 μεταξύ
696 2231 808 2313 έχουσι
830 2227 1053 2314 πεποιημένην
1075 2240 1134 2314 τῆς

128 2363 165 2405 τε
194 2342 358 2424 Περσικῆς
384 2332 439 2400 καὶ
465 2343 522 2418 τῆς
550 2338 750 2417 Πακτυϊκῆς·
782 2337 818 2399 οἳ
845 2339 1039 2421 παρείχοντο
1071 2333 1132 2421 μὲν

130 2447 235 2512 ἵππον
258 2442 512 2525 ὀκτακισχιλίην,
535 2440 619 2505 ὅπλα
643 2437 680 2504 δέ
703 2439 744 2505 ού
762 2443 932 2525 νομίζουσι
951 2445 1037 2526 ἐχειν
1056 2443 1132 2509 οὔτε

129 2552 250 2639 χάλκεα
270 2547 345 2613 ούτε
364 2547 501 2630 σιδήρεα
519 2545 580 2624 ἔξω
600 2545 816 2632 ἐγχειριδίων,
833 2547 993 2632 χρέωνται
1011 2545 1048 2614 δέ
1066 2565 1132 2614 σει-

128 2667 208 2744 ρῇσι
226 2651 466 2738 πεπλεγμένῃσι
480 2651 513 2731 ἐξ
528 2652 683 2737 ίμάντων.
716 2654 852 2738 ταύτησι
870 2657 1005 2719 πίσυνοι
1019 2657 1132 2740 ἐρχον-

129 2787 184 2829 ται
206 2762 240 2840 ἐς
261 2763 421 2844 πόλεμον·
451 2757 472 2841 ἡ
496 2756 533 2823 δέ
555 2759 641 2843 μάχη
663 2760 792 2824 τούτων
814 2770 882 2824 τῶν
904 2759 1037 2845 ἀνδρῶν
1058 2760 1134 2842 ἥδε·

128 2869 229 2936 ἐπεάν
242 2869 451 2951 συμμίσγωσι
464 2875 550 2930 τοῖσι
563 2868 760 2948 πολεμίοισι,
774 2865 933 2948 βάλλουσι
946 2866 1003 2941 τάς
1021 2866 1133 2947 σειράς

128 2972 180 3041 ἐπ’
197 2976 286 3061 ἄκρῳ
301 2975 443 3058 βρόχους
456 2970 608 3054 ἐχούσας·
625 2971 700 3036 ὅτευ
715 2967 746 3035 δ’
763 2969 806 3035 άν
819 2971 911 3055 τύχη,
925 2971 967 3052 ἥν
981 2993 1016 3034 τε
1029 2969 1132 3034 ἵππου

127 3081 172 3164 ἣν
189 3105 224 3145 τε
243 3079 435 3163 ἀνθρώπου,
459 3073 509 3142 ἐπ’
531 3075 655 3142 ἑωυτὸν
673 3075 771 3141 ἕλκει·
795 3076 830 3140 οί
846 3075 883 3140 δέ
901 3075 938 3140 ἐν
956 3074 1064 3160 ἕρκεσι
1078 3077 1132 3160 ἐμ-

127 3188 375 3270 παλασσόμενοι
390 3185 654 3267 διαφθείρονται.
688 3183 816 3246 τούτων
829 3177 890 3265 μὲν
904 3181 984 3265 αὕτη
998 3181 1019 3265 ἡ
1034 3183 1130 3268 μάχη,

127 3290 184 3358 καὶ
207 3291 416 3376 ἐπετετάχατο
444 3289 477 3366 ἐς
503 3291 581 3364 τοὺς
604 3285 745 3370 Πέρσας.
790 3288 905 3370 Μῆδοι
928 3284 965 3352 δὲ
986 3291 1047 3373 τήν
1069 3312 1130 3373 περ
1149 3305 1184 3354 8ss

128 3398 166 3464 ἐν
184 3406 229 3486 τῷ
248 3400 331 3484 πεζῷ
351 3391 441 3479 εἶχον
460 3396 591 3476 σκευήν,
610 3390 666 3458 καὶ
680 3395 814 3458 Κίσσιοι
832 3393 997 3472 ὡσαύτως.
1029 3392 1131 3460 Ἰνδοὶ

128 3500 166 3569 δὲ
181 3511 280 3588 σκευῇ
295 3499 355 3586 μὲν
368 3500 543 3584 ἐσεσάχατο
556 3507 596 3584 τῇ
610 3498 692 3586 αὐτῇ
706 3497 760 3564 καὶ
774 3499 810 3565 ἐν
824 3507 869 3590 τῷ
879 3503 973 3590 πεζῷ,
983 3501 1131 3586 ἤλαυνον

181 3615 205 3655 Η
206 3625 274 3657 nnnnn
287 3617 319 3656 H.
886 3611 917 3658 12
