2678 3970
458 283 460 288 ,
505 248 646 304 ωενει.
683 249 752 323 CA?
779 255 865 306 4-8.
1126 253 1190 320 139

190 389 307 458 τιδέων
325 391 361 458 οί
375 392 612 478 ἀναβεβηκότες
631 392 664 469 ἐς
678 397 804 476 Σοῦσα,
822 404 890 460 τῶν
903 417 938 460 τε
956 395 1066 463 αὐτῶν
1080 399 1190 481 λόγων

189 498 339 582 ἐχόμενοι
365 509 432 564 τών
459 497 513 564 καὶ
532 497 722 583 Ἀλευάδαι,
745 497 800 564 καὶ
823 500 865 583 δή
886 525 918 566 τι
940 503 1022 587 πρὸς
1043 505 1190 569 τοέποισι

189 607 236 668 ἔτι
268 602 370 669 πλέον
405 603 659 690 προσωρέγοντό
692 604 733 670 οί.
788 607 917 689 ἔχοντες
946 601 1189 694 Ὀνομάκριτον,

188 711 295 794 άνδρα
321 707 503 794 Ἀθηναῖον
530 712 763 796 χρησμολόγον
784 733 819 776 τε
845 708 900 776 καὶ
927 711 1086 795 διαθέτην
1111 738 1189 799 χρη-

188 826 281 900 σμῶν
302 826 369 880 τών
391 819 583 900 Μουσαίου,
607 816 859 901 ἀνεβεβήκεσαν,
881 817 943 901 τήν
966 818 1092 902 ἔχθρην
1109 841 1189 904 προ-

187 921 461 1007 καταλυσάμενοι·
484 921 650 1006 ἐξηλάσθη
672 923 736 1008 γάρ
757 922 821 988 ὑπὸ
836 918 1015 1008 Ἱππάρχου
1033 933 1093 988 τοῦ
1111 928 1189 989 Πει-

188 1028 363 1114 σιστράτου
386 1027 404 1094 ὁ
424 1025 654 1113 Ὀνομάκριτος
676 1027 708 1107 ἐξ
728 1025 909 1113 Ἀθηνέων,
932 1025 981 1094 ἐπ’
1005 1029 1188 1118 αὐτοφώρῳ

187 1133 288 1210 ἀλοὺς
307 1133 372 1200 ὑπὸ
391 1135 506 1200 Λάσου
524 1143 585 1200 τοῦ
599 1130 789 1220 Ἑρμιονέος
806 1133 967 1220 ἐμποιέων
986 1133 1020 1212 ἐς
1036 1136 1077 1201 τά
1093 1137 1189 1202 Μου-

187 1243 285 1306 σαίου
317 1241 466 1326 χρησμὸν
497 1240 542 1317 ώς
574 1240 611 1306 αί
635 1237 688 1306 ἐπὶ
715 1242 839 1329 Λήμνῳ
867 1239 1066 1324 ἐπικείμεναι
1091 1250 1189 1326 νήσοι

187 1345 400 1429 ἀφανιζοίατο
431 1347 513 1411 κατά
534 1355 591 1430 τῆς
617 1346 798 1430 θαλάσσης.
840 1347 892 1412 διὸ
920 1345 1058 1430 ἐξήλασέ
1083 1370 1140 1431 μιν
1169 1346 1188 1413 ὁ

187 1450 380 1537 Ἵππαρχος,
406 1454 569 1538 πρότερον
591 1453 776 1538 χρεώμενος
801 1454 841 1518 τὰ
863 1452 1029 1539 μάλιστα
1055 1455 1129 1519 τότε
1151 1450 1188 1518 δέ

187 1558 377 1642 συναναβὰς
395 1558 478 1635 ὅκως
495 1557 644 1624 ἀπίκοιτο
664 1558 697 1634 ἐς
715 1560 794 1636 ὄφιν
812 1559 872 1642 τήν
890 1557 1052 1642 βασιλέος,
1075 1560 1188 1642 λεγόν-

186 1687 254 1729 των
275 1674 342 1729 τών
365 1663 664 1749 Πεισιστρατιδέων
687 1662 762 1749 περὶ
785 1663 888 1728 αὐτοῦ
910 1666 1052 1748 σεμνοὺς
1069 1667 1189 1748 λόγους

186 1769 337 1854 κατέλεγε
358 1779 426 1834 τῶν
447 1781 617 1855 χρησμῶν·
640 1771 672 1834 εί
692 1767 753 1854 μέν
774 1791 806 1834 τι
824 1768 912 1836 ἐνέοι
930 1770 1064 1855 σφάλμα
1083 1769 1188 1854 φέρον

186 1885 231 1965 τῷ
259 1875 430 1964 βαρβάρῳ,
457 1886 524 1940 τών
551 1871 612 1959 μέν
635 1878 725 1958 ἔλεγε
750 1873 866 1958 οὐδέν,
895 1874 913 1940 ὁ
938 1871 974 1940 δέ
996 1876 1037 1940 τά
1059 1873 1188 1960 εὐτυχέ-

186 2000 286 2048 στατα
309 1983 521 2066 ἐκλεγόμενος
544 1984 643 2064 ἔλεγε,
666 1983 725 2046 τόν
747 1970 782 2046 τε
796 1977 1038 2063 Ἑλλήσποντον
1056 1980 1101 2057 ώς
1120 1983 1188 2060 ζευ-

186 2095 309 2174 χθήναι
330 2089 429 2175 χρεὸν
452 2093 502 2171 είη
525 2083 580 2152 ὑπ’
607 2085 729 2172 ἀνδρὸς
752 2085 904 2171 Πέρσεω,
933 2087 994 2168 τήν
1016 2108 1051 2151 τε
1074 2089 1188 2151 ἐλασιν

187 2194 407 2279 ἐξηγεόμενος.
453 2186 549 2270 οὗτός
573 2215 608 2257 τε
636 2193 677 2276 δή
704 2190 926 2279 χρησμῳδέων
950 2191 1185 2278 προσεφέρετο,

186 2299 241 2366 καλ
273 2301 308 2366 οἳ
335 2322 370 2364 τε
398 2299 666 2383 Πεισιστρατίδαι
701 2295 757 2364 καλ
794 2298 829 2363 οί
852 2293 1024 2364 Ἀλευάδαι
1053 2299 1187 2384 γνώμας

186 2405 468 2490 ἀποδεικνύμενοι.
514 2403 558 2481 ώς
586 2401 623 2470 δέ
650 2404 845 2488 ἀνεγνώσθη
868 2403 992 2490 Ξέρξης
1014 2406 1220 2493 στρατεύει

187 2520 269 2578 σθαι
290 2509 344 2578 ἐπὶ
365 2511 427 2594 τήν
445 2507 595 2593 Ἐλλάδα,
618 2509 765 2575 ἐνθαῦτα
783 2509 927 2599 δευτέρῳ
945 2508 1007 2596 μέν
1025 2514 1092 2577 ἔτει·
1107 2511 1187 2596 μετά

186 2620 245 2684 τὸν
276 2618 425 2683 θάνατον
455 2617 515 2682 τὸν
542 2619 690 2702 Δαρείου
721 2627 833 2702 πρῶτα
860 2618 1017 2702 στρατιήν
1043 2615 1186 2682 ποιέεται

187 2721 239 2789 ἐπὶ
265 2725 343 2800 τοὺς
368 2723 577 2800 ἀπεστεῶτας.
622 2723 760 2799 τούτους
787 2722 848 2807 μέν
874 2747 939 2788 νυν
965 2722 1186 2805 καταστρεψά-

186 2853 284 2913 μενος
301 2827 356 2894 καλ
369 2833 541 2911 Λίγνπτον
558 2835 666 2894 πᾶσαν
685 2829 809 2894 πολλὸν
826 2825 1028 2912 δουλοτέρην
1046 2829 1186 2910 ποιήσας

186 2935 206 3019 ή
230 2933 282 3001 ἐπὶ
304 2937 452 3018 Δαρείου
473 2928 526 3018 ἦν,
550 2933 717 3019 ἐπιτράπει
736 2930 928 3017 Ἀχαιμένεϊ,
952 2931 1101 3020 ἀδελφεῷ
1125 2928 1186 3016 μὲν

187 3040 327 3124 ἑωυτοῦ,
349 3042 497 3126 Δαρείου
524 3035 562 3104 δέ
590 3040 693 3104 παιδί.
735 3034 924 3122 Ἀχαιμένεα
946 3035 1009 3121 μέν
1030 3059 1095 3101 νυν
1117 3036 1185 3102 ἐπι-

185 3147 387 3231 τροπεύοντα
405 3145 577 3229 Λίγύπτου
600 3147 709 3231 χρόνῳ
732 3141 901 3228 μετέπειτα
924 3142 1085 3227 ἐφόνευσε
1103 3139 1186 3208 Ἰνά-

186 3277 251 3338 ρως
283 3252 301 3318 ὁ
335 3255 552 3336 Ψαμμητίχου
588 3249 672 3334 ἀνήρ
704 3251 818 3332 Λίβυς.
871 3247 995 3334 Ξέρξης
1034 3244 1071 3313 δὲ
1106 3251 1219 3334 μετάε

186 3359 357 3442 Λίγόπτου
389 3358 515 3422 άλωσιν
546 3356 590 3432 ώς
622 3358 734 3439 ἔμελλε
766 3353 799 3431 ἐς
833 3365 943 3441 χεῖρας
959 3351 1113 3433 1ἀέξεσθαι
1147 3355 1185 3421 τὸ

186 3466 368 3550 στράτευμα
398 3464 436 3530 τὸ
468 3459 521 3528 ἐπὶ
551 3462 609 3539 τάς
631 3454 789 3545 Ἀθήνας,
819 3461 983 3546 σύλλογον
1011 3461 1185 3545 ἐπίκλητον
