2678 3968
433 243 499 299 Lm.
514 244 587 300 v111.
624 244 701 301 cAP.
721 251 840 301 26-31.
1072 248 1140 312 265

133 390 171 456 ἐν
190 394 367 474 Δελφοῖσι,
390 387 444 453 καὶ
467 387 573 474 ἕτεροι
596 397 741 454 τοιοῦτοι
765 389 801 454 έν
816 388 935 476 ’Ἀβησι
954 390 1137 457 ἀνακέαται.
1214 455 1224 476 ,

132 505 236 562 ταῦτα
265 493 326 580 μέν
354 518 418 560 νυν
445 496 504 559 τὸν
532 496 629 573 πεζὸν
656 493 838 580 ἐργάσαντο
865 507 932 561 τῶν
960 501 1138 564 Θεσσαλῶν
1158 512 1194 561 28

134 603 170 667 οί
192 599 322 677 Φωκέες
347 599 603 684 πολιορκέοντας
626 598 784 678 ἑωυτούς·
816 599 1023 684 ἐσβαλοῦσαν
1046 601 1083 668 δὲ
1106 604 1140 681 ἐς

5 703 6 706 “
133 710 195 792 τὴν
222 709 334 792 χώρην
361 708 422 791 τὴν
445 707 546 772 ἵππον
574 706 684 772 αὐτῶν
712 707 918 791 ἐλυμήναντο
945 708 1138 792 ἀνηκέστως.

135 817 173 882 ἐν
199 816 260 898 γὰρ
287 821 327 898 τῇ
355 813 474 898 ἐσβολῇ
501 815 523 897 ἥ
551 813 619 879 ἐστι
646 815 727 879 κατά
750 809 942 899 Ὑάμπολιν,
975 815 1011 881 ἐν
1037 815 1140 902 ταύτη

5 991 6 1000 ,
135 922 264 1006 τάφρον
287 918 433 1004 μεγάλην
455 917 631 1002 ὀρύξαντες
649 917 818 1003 ἀμφορέας
835 921 966 995 κεινοὺς
984 919 1017 996 ἐς
1036 921 1143 1005 αὐτὴν

5 1083 6 1086 ,
134 1026 339 1110 κατέθηκαν,
371 1033 455 1109 χοῦν
487 1021 524 1089 δὲ
551 1023 810 1109 ἐπιφορήσαντες
838 1023 893 1090 καὶ
920 1026 1143 1111 ὁμοιώσαντες

5 1173 6 1218 χ
134 1143 179 1223 τῷ
204 1135 292 1220 ἀλλφ
315 1131 412 1217 χώρςο
435 1129 588 1196 ἐδέκοντο
606 1133 686 1208 τοὺς
705 1134 894 1209 Θεσσαλοὺς
912 1132 1141 1216 ἐσβάλλοντας.

5 1299 7 1326 ,
135 1241 171 1306 οἱ
196 1236 233 1305 δέ
261 1239 305 1315 ὡς
333 1237 599 1321 ἀναρπασόμενοι
625 1239 705 1314 τοὺς
730 1237 864 1314 Φωκέας
887 1241 1066 1324 φερόμενοι
1089 1239 1105 1305 ἐ
1126 1277 1141 1290 -

5 1357 7 1406 ὶ
135 1347 255 1413 έπεσον
278 1345 311 1420 ές
330 1347 409 1420 τοὺς
426 1342 603 1428 ἀμφορέας.
640 1343 787 1410 ἐνθαῦτα
806 1346 841 1409 οί
856 1345 949 1411 ἵπποι
967 1347 1007 1410 τά
1025 1345 1140 1411 σκέλεα
1193 1359 1196 1393 ῑ

5 1525 6 1536 χ
136 1451 378 1537 διεφθάρησαν.
418 1451 545 1516 τούτων
569 1452 610 1533 δή
634 1466 695 1535 σφι
718 1450 914 1537 ἀμφοτέρων
937 1454 1067 1536 ἔχοντες
1089 1455 1141 1535 έγ-
1159 1467 1223 1518 κο.

135 1583 234 1627 κοτον
263 1559 298 1623 οί
319 1555 482 1622 Θεσσαλοὶ
503 1555 689 1641 πέμψαντες
710 1559 837 1642 κήρυκα
860 1559 1024 1642 ἠγόρευον
1046 1559 1141 1623 τάδε·

132 1660 170 1732 Ὦ
191 1663 330 1746 Φωκέες,
348 1665 412 1747 ἥδη
427 1686 458 1727 τι
477 1667 603 1748 μᾶλλον
621 1663 860 1747 γνωσιμαχέετε
873 1665 918 1748 μη
933 1659 1018 1729 εἶναι
1032 1665 1145 1748 ὅμοιοί

135 1773 224 1858 ἡμῖν.
269 1772 455 1855 πρόσθετε
482 1770 545 1852 γάρ
569 1767 605 1833 έν
627 1779 714 1833 τοῖσι
733 1767 886 1852 Ἕλλησι,
914 1770 995 1835 ὅσον
1017 1772 1143 1856 χρόνον

137 1881 245 1948 ἐκεῖνα
264 1877 343 1961 ἡμῖν
360 1877 496 1960 ἥνδανε,
517 1873 618 1940 πλέον
637 1877 705 1940 αίεί
719 1897 793 1939 κοτε
811 1874 922 1958 ὑμέων
941 1875 1141 1960 ἐφερόμεθα,

136 1996 201 2052 νῦν
224 2008 258 2049 τε
281 1984 369 2066 παρὰ
391 1989 435 2069 τιβ
455 1981 612 2067 βαρβάρῳ
636 1989 776 2045 τοσοῦτο
796 1981 968 2064 δυνάμεθα
987 1983 1070 2046 ὥστε
1088 1980 1138 2046 ἐπ’

6 2143 7 2150 ,
137 2094 217 2178 ἡμῖν
241 2091 310 2156 ἐστι
332 2097 389 2172 τῆς
406 2097 467 2170 γῆς
485 2087 682 2173 ἐστερῆσθαι
700 2084 755 2150 καὶ
773 2087 855 2171 πρὸς
872 2087 1142 2170 ἠνδραποδίσθαι

137 2197 252 2284 ὑμέας·
275 2195 368 2280 ἡμεῖς
386 2193 499 2279 μέντοι
521 2194 559 2258 τὸ
577 2200 643 2257 πᾶν
663 2194 792 2277 ἔχοντες
810 2193 851 2258 οὐ
870 2193 1140 2279 μνησικακέομεν,

138 2298 210 2370 ἀλλ’
239 2302 318 2386 ἡμῖν
347 2298 498 2385 γενέσθω
526 2296 597 2364 ἀντ’
629 2298 739 2364 αὐτῶν
766 2301 967 2382 πεντήκοντα
997 2301 1142 2366 τάλαντα

138 2410 317 2496 ἀργυρίου,
343 2405 399 2472 καὶ
425 2406 505 2491 ὑμῖν
527 2405 759 2490 ὑποδεκόμεθα
785 2406 826 2470 τά
847 2405 982 2471 ἐπιόντα
1004 2403 1057 2472 ἐπὶ
1079 2408 1141 2490 τὴν

137 2517 250 2602 χώρην
273 2511 479 2598 ἀποτρέψειν.
524 2511 627 2577 ταῦτά
649 2530 710 2594 σφι
738 2510 977 2595 ἐπαγγέλλοντο
1006 2514 1041 2577 ολ
1062 2517 1143 2577 Θεσ-
1160 2529 1195 2580 30

137 2625 243 2690 σαλοί.
289 2621 324 2686 οί
347 2621 410 2704 γάρ
436 2617 564 2694 Φωκέες
593 2626 714 2701 μοῦνοι
735 2628 804 2682 τῶν
825 2619 927 2704 ταύτῃ
951 2617 1142 2704 ἀνθρώπων

137 2730 199 2796 οὐκ
226 2728 393 2813 ἐμήδιζον,
421 2719 491 2790 κατ’
517 2725 596 2789 ἀλλο
620 2720 681 2808 μὲν
704 2722 819 2806 οὐδέν,
843 2724 887 2800 ὡς
911 2724 973 2806 ἐγὼ
997 2725 1142 2807 συμβαλ-

137 2839 276 2921 λόμενος
299 2833 455 2917 εὑρίσκω,
482 2832 564 2895 κατὰ
587 2826 624 2895 δέ
645 2831 682 2894 τὸ
706 2832 806 2914 ἔχθος
827 2831 864 2894 τὸ
890 2833 1075 2894 Θεσσαλῶν.
1112 2832 1145 2894 εί

138 2940 175 3008 δὲ
208 2937 371 3007 Θεσσαλοὶ
402 2939 442 3002 τά
469 2933 637 3020 Ἑλλήνων
667 2929 788 3018 ηὖξον,
821 2935 865 3010 ὡς
896 2932 969 3018 ἐμοὶ
1001 2932 1143 3018 δοκέειν,

138 3049 292 3133 ἐμήδιζον
326 3045 368 3110 ἀν
406 3043 441 3110 οί
473 3040 615 3118 Φωκέες·
653 3044 688 3104 οἳ
717 3049 818 3105 ταῦτα
850 3039 1142 3124 ἐπαγγελλομένων

138 3159 317 3220 Θεσσαλῶν
345 3151 420 3216 οὔτε
449 3151 570 3214 δώσειν
598 3150 727 3231 ἔφασαν
754 3148 902 3232 χρήματα
930 3144 1083 3232 παρέχειν
1107 3145 1146 3212 τέ

137 3276 199 3344 σφι
223 3263 419 3325 Θεσσαλοῖσι
443 3255 565 3340 ὁμοίως
586 3253 745 3336 μηδίζειν,
769 3253 800 3315 εί
820 3252 926 3327 άλλως
948 3253 1142 3334 βουλοίατο·

138 3364 209 3431 ἀλλ’
237 3366 298 3431 οὐκ
321 3367 457 3430 ἔσεσθαι
477 3359 606 3436 ἑκόντες
625 3352 710 3423 εἶναι
728 3359 887 3442 προδόται
905 3366 962 3442 τῆς
975 3353 1141 3435 Ἑλλάδος.

137 3471 250 3555 ἐπειδὴ
278 3467 315 3536 δὲ
343 3470 589 3552 ἀνηνείχθησαν
617 3459 709 3529 οὗτοι
738 3464 772 3529 οί
796 3466 904 3546 λόγοι,
934 3463 1019 3530 οὑτω
1044 3463 1085 3548 δὴ
1109 3464 1145 3528 οί
1160 3476 1193 3524 31
