2640 3960
408 265 475 321 LIB.
489 265 523 321 V.
561 266 637 322 cAP.
657 271 778 322 λιι-78.
1053 269 1096 333 39

87 411 211 476 τούτου
231 409 353 487 ἀκλεῦς
372 410 519 477 ἐνθαῦτα
534 407 708 492 Ἀθηναῖοι
724 414 881 477 τίνυσθαι
899 415 1097 498 βουλόμενοι

88 526 203 598 πρῶτα
222 519 401 600 στρατηίην
419 525 589 582 ποιεῦνται
608 514 660 581 ἐπὶ
675 516 865 594 Χαλκιδέας.
900 518 1040 584 Βοιωτοὶ
1060 515 1097 584 δέ

90 631 178 685 τοῖσι
201 623 401 686 Χαλκιδεῦσι
429 620 611 706 βοηθέουσι
639 619 691 686 ἐπὶ
714 623 773 687 τὸν
795 623 954 706 Εὔριπον.
1000 623 1097 707 Ἀθη-

91 730 216 791 ναῖοισι
244 723 281 792 δέ
305 729 415 792 ίδοῦσι
441 731 519 804 τοὺς
542 730 692 811 βοηθοὺς
714 727 805 806 ἔδοξε
827 731 989 814 πρότερον
1011 741 1097 794 τοῖσι

91 837 268 898 Βοιωτοῖσι
299 833 320 916 ἢ
352 845 437 899 τοῖσι
469 835 669 900 Χαλκιδεῦσι
704 833 903 920 ἐπιχειρέειν.
954 835 1097 918 συμβάλ-

91 942 192 1004 λουσί
215 961 249 1004 τε
277 940 318 1021 δὴ
346 949 431 1004 τοῖσι
454 943 630 1004 Βοιωτοῖσι
658 940 692 1003 οί
713 936 886 1022 Ἀθηναῖοι
909 937 963 1004 καὶ
986 945 1096 1024 πολλῷ

91 1044 286 1130 ἐκράτησαν,
306 1045 408 1128 κάρτα
427 1042 464 1111 δέ
482 1049 625 1122 πολλοὺς
644 1047 867 1129 φονεύσαντες
885 1044 1097 1121 ἑπτακοσίους

91 1152 204 1216 αὐτῶν
231 1151 427 1235 ἐζώγρησαν.
472 1161 529 1235 τῆς
561 1149 598 1217 δέ
631 1153 731 1236 αὐτῆς
761 1154 881 1236 ταύτης
912 1151 1034 1236 ἡμέρης
1066 1155 1098 1216 οῖ

88 1253 262 1339 Ἀθηναῖοι
290 1257 463 1339 διαβάντες
485 1256 518 1334 ἐς
540 1258 600 1341 τὴν
623 1259 772 1340 Εὔβοιαν
796 1259 1022 1342 συμβάλλουσι
1044 1255 1098 1322 καὶ

91 1373 178 1427 τοῖσι
201 1363 411 1444 Χαλκιδεῦσι,
434 1365 627 1445 νικήσαντες
650 1360 687 1428 δὲ
705 1361 759 1428 καὶ
776 1365 915 1440 τούτους
933 1381 1098 1448 τετρακισ-

91 1471 219 1552 χιλίους
240 1469 446 1553 κληρούχους
469 1467 521 1533 ἐπὶ
543 1481 610 1533 τῶν
634 1468 840 1553 ἱπποβοτέων
862 1478 901 1554 τῇ
925 1471 1014 1554 χώρη
1033 1472 1097 1534 λεί·

91 1589 206 1638 πουσι·
230 1575 266 1640 οί
286 1573 322 1639 δὲ
346 1575 520 1657 ίπποβόται
544 1573 716 1640 ἐκαλέοντο
741 1576 776 1640 οί
793 1574 908 1660 παχέες
926 1586 993 1640 τῶν
1013 1580 1098 1640 Χαλ-

91 1679 222 1745 κιδέων.
269 1680 369 1755 ὅσους
397 1677 433 1745 δὲ
459 1679 515 1745 καί
542 1681 669 1745 τούτων
692 1680 895 1764 ἐζώγρησαν,
926 1681 991 1765 ἅμα
1013 1691 1099 1746 τοῖσι

92 1789 250 1850 Βοιωτῶν
278 1785 532 1870 ἐζωγρημένοισι
560 1781 651 1870 εἶχον
673 1786 710 1850 ἔν
738 1791 869 1870 φυλακῇ
899 1785 949 1867 [ἐν
971 1783 1098 1868 πέδαις]

93 1892 267 1973 δήσαντες·
296 1894 405 1978 χρόνῳ
434 1889 471 1956 δὲ
499 1892 620 1956 ἔλυσάν
649 1909 752 1974 σφεας
780 1893 920 1975 δίμνεως
943 1891 1100 1974 ἀποτιμη-

94 1998 241 2081 σάμενοι.
286 1999 343 2074 τάς
367 1994 403 2062 δὲ
425 1997 527 2073 πέδας
550 1997 674 2080 αὐτῶν,
699 1997 736 2062 ἐν
758 2005 832 2081 τῇσι
856 1995 1019 2079 ἐδεδέατο,
1043 1997 1100 2063 άν-

93 2103 278 2187 εκρέμασαν
306 2103 339 2178 ἐς
366 2103 426 2186 τὴν
454 2103 650 2188 ἀκρόπολιν,
678 2102 715 2165 αἵ
739 2123 800 2186 περ
829 2104 876 2165 ἔτι
903 2100 957 2166 καὶ
985 2102 1018 2178 ἐς
1044 2100 1100 2185 ἐμὲ

93 2204 179 2292 ἦσαν
207 2218 413 2295 περιεοῦσαι,
441 2208 642 2293 κρεμάμεναι
670 2208 706 2273 ἐκ
727 2206 860 2291 τειχέων
884 2212 1099 2290 περιπεφλευ-

92 2313 225 2398 σμένων
247 2313 328 2399 πυρὶ
350 2313 414 2378 ὑπὸ
437 2323 498 2379 τοῦ
516 2315 651 2397 Μήδου,
675 2312 789 2378 ἀντίον
813 2309 850 2377 δέ
871 2321 932 2377 τοῦ
954 2314 1100 2397 μεγάρου

93 2429 154 2485 τοῦ
178 2421 262 2503 πρὸς
285 2419 427 2505 ἑσπέρην
449 2419 680 2504 τετραμμένου.
721 2417 865 2483 καὶτῶν
888 2419 1017 2502 λύτρων
1039 2423 1100 2504 την

93 2525 235 2608 δεκάτην
258 2524 427 2608 ἀνέθηκαν
450 2524 665 2609 ποιησάμενοι
683 2523 868 2608 τέθριππον
886 2525 1040 2608 χάλκεον·
1062 2527 1100 2590 τὸ

92 2629 130 2696 δὲ
159 2630 331 2716 ἀριστερῆς
351 2631 459 2715 χειρὸς
482 2629 595 2712 ἕστηκε
618 2640 730 2715 πρῶτα
754 2629 876 2695 ἐσιόντι
905 2629 938 2705 ἐς
960 2632 999 2695 τά
1021 2651 1100 2713 προ-

92 2737 217 2801 πύλαια
244 2737 284 2800 τά
311 2736 348 2801 ἐν
370 2744 409 2821 τῇ
433 2735 605 2819 ἀκροπόλι·
638 2735 870 2820 ἐπιγέγραπται
893 2735 933 2800 δέ
954 2736 989 2798 οί
1008 2735 1101 2798 τάδε·

183 2840 311 2907 Ἕθνεα
333 2839 568 2907 Βοιωτῶνκαὶ
591 2841 783 2906 Χαλκιδέων
807 2842 1012 2925 δαμάσαντες

229 2949 353 3024 Παῖδες
379 2944 567 3030 Ἀθηναίων
591 2951 751 3032 ἔργμασιν
773 2947 810 3013 ἐν
832 2945 978 3030 πολέμου
1016 3030 1019 3038 ‚

182 3058 305 3140 Δεσμῷ
329 3053 366 3118 ἐν
388 3052 560 3136 ἀχλυόεντι
583 3051 725 3139 σιδηρέῳ
749 3055 889 3136 ἔσβεσαν
911 3052 1025 3136 ύβριν·

232 3162 306 3223 Τῶν
329 3158 449 3234 ἵππους
473 3157 611 3240 δεκάτην
635 3156 787 3221 Παλλάδι
808 3154 902 3221 τάσδ’
929 3160 1060 3222 ἔθεσαν.

90 3261 268 3348 Ἀθηναῖοι
304 3262 364 3346 μέν
397 3287 462 3328 νυν
493 3262 649 3346 ηῦξηντο·
687 3263 786 3344 δηλοῖ
815 3259 851 3328 δέ
884 3263 924 3328 οὐ
957 3259 1029 3328 κατ’
1064 3265 1101 3330 ἔν
1121 3279 1154 3329 78

94 3381 225 3455 μοῦνον
248 3369 330 3434 ἀλλά
348 3376 495 3452 πανταχῇ
513 3367 534 3450 η
554 3369 706 3451 ἰσηγορίη
726 3367 770 3443 ὡς
789 3365 856 3436 ἐστὶ
875 3377 982 3452 χρῆμα
1001 3385 1101 3435 σπου-

94 3478 209 3559 δαῖον,
234 3476 265 3540 εί
285 3471 340 3538 καί
363 3470 535 3557 Ἀθηναῖοι
558 3475 838 3558 τυραννευόμενοι
861 3471 922 3558 μέν
945 3475 1101 3558 οὐδαμῶν
