2632 3970
232 297 298 364 εεο
645 291 831 348 υεεουου

232 437 410 524 ἐργόμενος
437 447 505 503 τῶν
534 439 645 504 ἄλλον
671 439 811 522 πρήσσει
837 436 896 501 τὸν
919 434 1025 520 γόμον
1048 427 1175 500 τοῢτου
1197 440 1241 521 τῷ

230 541 325 610 παιδὶ
361 552 407 631 τῷ
444 540 572 608 ἐαυτοῦ
600 544 752 629 Δαρείῳ,
787 539 957 626 θυγατέρα
993 548 1050 624 τῆς
1081 541 1242 624 γυναικὸς

231 650 353 733 ταύτης
378 645 435 715 καὶ
456 651 651 730 Μασίστεω,
680 645 806 712 δοκίων
831 646 935 730 αὐτήν
962 650 1088 730 μᾶλλον
1117 646 1241 730 λάμήιε

232 761 315 820 σθαι
337 754 380 840 ήν
397 763 500 820 ταῦτα
517 755 649 838 ποιήσῃ.
690 751 836 837 ἁρμόσας
857 748 894 816 δέ
911 749 966 816 καὶ
983 753 1023 816 τὰ
1040 753 1242 836 νομιζόμενα

231 863 372 944 ποιήσας
394 860 563 944 ἀπήλαυνε
586 858 619 934 ἐς
641 862 766 923 Σοῦσα.
808 855 877 922 ἐπεὶ
900 853 938 922 δέ
960 856 1028 922 ἐκεί
1047 880 1083 922 τε
1106 857 1240 922 ἀπίκετο
1295 893 1301 972 i

231 964 288 1031 καί
310 966 449 1050 ήγόγετο
473 966 506 1042 ἐς
529 963 655 1030 ἑαυτοῦ
673 965 807 1051 Δαρείῳ
829 964 890 1046 τήν
912 973 1065 1046 γυναῖκα,
1088 963 1180 1028 οὕτω
1202 963 1240 1044 δή
1301 981 1302 1058 ρ

231 1079 290 1154 τής
308 1075 487 1137 Μασίστεω
510 1067 571 1155 μὲν
594 1069 751 1153 γυναικὸς
773 1067 946 1151 ἐπέπαυτο,
969 1067 988 1133 6
1012 1064 1049 1133 δὲ
1067 1066 1240 1151 διαμειψό-

233 1199 332 1260 μενος
353 1179 419 1261 ήρα
440 1198 476 1242 τε
498 1173 554 1240 καὶ
576 1173 733 1258 ἐτύγχανε
750 1182 808 1258 τῆς
825 1176 973 1259 Δαρείου
991 1169 1052 1257 μὲν
1070 1175 1239 1254 γυναικός,

233 1283 412 1346 Μασίστεω
439 1277 476 1345 δέ
498 1281 679 1364 θυγατρός·
708 1279 836 1362 οὕνομα
859 1275 896 1343 δὲ
918 1286 957 1362 τῃ
980 1276 1115 1361 γυναικὶ
1136 1279 1241 1363 ταύτῃ

183 1405 231 1456 109
242 1381 284 1469 ἦν
305 1380 494 1472 Ἀρταΰντη.
530 1381 712 1471 χρόνουδέ
730 1385 905 1468 προϊόντος
923 1383 1095 1448 ἀνάπυστα
1113 1387 1241 1467 γίνεται

232 1493 343 1578 τρόπῳ
370 1491 502 1578 τοιῷδε·
534 1489 725 1573 ἐξυφήνασα
744 1474 922 1574 ’Ἄμηστρις
947 1488 969 1573 6
996 1487 1124 1574 Ξέρξεω
1152 1491 1239 1572 γυνή
1303 1473 1304 1532 6

233 1604 340 1680 φᾶρος
358 1593 442 1680 μέγα
454 1618 490 1660 τε
507 1593 563 1660 καί
576 1598 727 1661 ποικίλον
745 1593 801 1660 καί
818 1594 900 1679 θέης
914 1593 1007 1673 ἄξιον
1022 1596 1114 1660 διδοῖ
1124 1595 1240 1681 Ξέρξῃ.

234 1700 253 1766 6
273 1697 310 1766 δὲ
328 1697 446 1783 ήσθεὶς
467 1701 700 1785 περιβάλλεταί
713 1724 748 1768 τε
766 1698 822 1766 καὶ
840 1695 968 1785 ἔρχεται
985 1701 1074 1785 παρὰ
1091 1702 1152 1785 τήν
1167 1699 1241 1787 Ἀρ-

233 1804 389 1889 ταῦντήν.
425 1803 543 1889 ἡσθεὶς
566 1802 602 1870 δὲ
624 1804 799 1892 καὶταύτῃ
818 1805 968 1871 ἐκέλευσε
986 1806 1091 1890 αὐτήν
1108 1809 1241 1891 αἰτῆσαι

234 1909 307 1976 ότι
334 1909 492 1994 βούλεταί
516 1909 552 1974 oc
575 1908 734 1992 γενέσθαι
760 1907 835 1975 ἀντὶ
860 1920 927 1976 τῶν
955 1911 1043 2000 αὐτῷ
1071 1912 1240 1998 ὑπουργή-
1299 1895 1306 2036 6

234 2013 359 2102 μόνον·
382 2015 574 2102 πάνταγὰρ
597 2015 771 2095 τεύξεσθαι
794 2017 984 2098 αἰτήσασαν.
1019 2025 1059 2102 τῇ
1079 2014 1116 2083 δὲ
1133 2029 1240 2096 κακῶς
1305 2037 1306 2052 ’

234 2122 298 2207 γὰρ
325 2122 396 2187 ἐδεε
419 2123 574 2206 πανοικίῃ
596 2119 770 2204 γενέσθαι,
798 2122 879 2206 πρὸς
901 2130 1003 2187 ταῦτα
1025 2117 1095 2188 εἷπε
1117 2122 1239 2210 Ξέρξῃ·

234 2227 364 2302 Δώσεις
390 2251 448 2311 μοι
473 2228 511 2292 τὸ
538 2227 580 2292 ἄν
604 2243 641 2292 σε
668 2228 806 2311 αἰτήσας
842 2226 861 2292 6
885 2223 922 2292 δὲ
943 2235 1010 2292 πᾶν
1034 2233 1161 2312 μᾶλλον
1185 2232 1238 2296 δο-

234 2329 320 2396 κέων
343 2333 457 2413 κείνην
480 2333 611 2415 αίτήσαι
633 2330 826 2416 ὑπισχνέετο
850 2330 906 2398 καὶ
929 2334 1045 2417 ὤμοσε.
1091 2334 1112 2418 6
1136 2333 1173 2400 δέ
1196 2337 1239 2413 ὡς

235 2435 344 2518 ὤμοσε
376 2434 481 2511 ἀδεῶς
508 2435 607 2502 αίτίει
638 2439 676 2502 τὸ
704 2445 819 2523 ῳίιρος.
864 2436 987 2523 Ξέρξης
1020 2436 1057 2505 δὲ
1082 2436 1239 2520 παντοῖος

235 2539 360 2624 ἐγίνετο
390 2539 430 2604 οὐ
453 2542 657 2624 βουλόμενος
680 2543 815 2626 δοῦναι,
843 2541 914 2608 κατ’
940 2545 1020 2610 ἄλλο
1043 2541 1104 2630 μὲν
1127 2545 1237 2630 οὐδέν,

234 2647 439 2732 φοβεόμενος
466 2642 503 2710 δέ
520 2644 720 2733 Ἄμηστριν,
748 2650 792 2732 μή
819 2646 874 2713 καὶ
900 2647 980 2735 πρὶν
1007 2654 1237 2739 κατεικαζούσῃ

234 2753 274 2818 τὰ
296 2753 456 2836 γινόμενα
484 2751 570 2819 οὕτω
594 2753 758 2839 ἐπευρεθῇ
779 2757 951 2840 πρήσσων·
984 2755 1067 2822 ἀλλὰ
1087 2761 1183 2836 πόλις
1204 2783 1237 2825 τε

235 2858 351 2924 ἐδίδου
377 2855 432 2923 καὶ
458 2860 584 2944 χρυσὸν
611 2860 752 2925 ἄπλετον
780 2857 835 2924 καὶ
858 2863 1014 2945 στρατόν,
1043 2872 1105 2934 Ιτοῦ
1127 2867 1238 2949 ἔμελλε
1299 2899 1306 2912 «

236 2962 347 3041 οὐδεὶς
374 2962 486 3048 ἄρξειν
513 2962 585 3030 ἀλλ’
616 2965 637 3049 6
665 2964 787 3048 ἐκείνῃ·
820 2969 987 3051 Περσικὸν
1019 2965 1057 3034 δέ
1088 2971 1191 3053 πόρια
1220 2972 1237 3037 6

234 3070 373 3155 στρατὸς
396 3069 515 3153 δῶρον.
557 3063 629 3134 ἀλλ’
654 3070 781 3155 οὐγὰρ
804 3072 928 3155 ἔπειθε,
951 3073 1043 3139 διδοῖ
1062 3076 1099 3139 τὸ
1124 3085 1237 3160 φᾶρος.

234 3174 255 3258 6
279 3171 317 3240 δέ
342 3176 521 3260 περιχαρής
548 3174 648 3240 ἐοῦσα
672 3182 718 3262 τῷ
742 3176 839 3263 δώρῳ
862 3176 983 3263 ἐφόρεέ
1002 3201 1037 3244 τε
1063 3177 1119 3244 καὶ
1141 3181 1238 3264 ἆγοίλ-

183 3284 326 3348 11ολετο.
372 3277 427 3344 καί
449 3279 470 3363 6
489 3279 668 3366 ’Ἄμηστρις
690 3281 900 3347 πυνθάνεταί
918 3307 976 3367 μιν
998 3285 1157 3368 ἔχουσαν·
1179 3312 1238 3372 μα-

233 3388 346 3446 θοῦσα
378 3379 415 3448 δὲ
442 3385 479 3449 τὸ
506 3386 706 3469 ποιεύμενον
734 3394 774 3471 τῃ
800 3383 862 3470 μὲν
889 3387 1022 3470 γυναικὶ
1048 3391 1151 3477 ταύτῃ
1179 3393 1239 3460 οὐκ

235 3480 301 3567 εἶχε
325 3488 477 3570 ἔγκοτον,
500 3489 522 3570 6
545 3486 582 3554 δὲ
605 3490 779 3570 ἐλπίζουσα
800 3492 863 3574 τήν
884 3491 1008 3579 μῃτέρα
1030 3494 1132 3581 αὐτῆς
1154 3493 1240 3566 εἶναι
