2632 3970
441 253 508 308 ΜΒ.
523 253 569 308 1x.
607 252 842 310 oms-101.
1083 252 1149 317 375

136 394 330 480 Ἀθηναίων
354 399 570 483 αἰχμαλώτων
593 396 629 462 έν
651 405 726 482 τήσι
748 395 848 482 νηυσὶ
870 397 1148 484 τῶνβαρβάρων,

140 505 220 580 τοὺς
242 506 363 586 ἐλαβον
382 503 446 569 άνδ
463 505 525 588 τήν
542 499 690 586 Ἀττικήν
709 501 941 587 λελειμμένους
958 504 995 568 οί
1010 503 1148 588 Ξέρξεω,

141 609 281 686 τούτους
307 610 489 695 λυσάμενοι
515 609 639 686 πάντας
662 606 892 694 ἀποπέμπουσι
915 608 1149 684 ἐποδιάσαντες

142 713 176 790 ἐς
199 712 357 798 Ἀθήνας·
388 724 457 779 τῶν
484 715 610 780 εἵνεκεν
639 714 701 780 οὐκ
727 715 844 798 ήκιστα
870 714 1018 796 ὑποψίην
1047 708 1148 797 εἶχον,

141 822 358 898 πεντακοσίας
379 820 526 904 κεφαλάς
543 829 610 884 τῶν
628 817 756 906 Ξέρξεω
773 821 941 904 πολεμίων
962 818 1149 902 λυσάμενοι.

141 934 240 991 τοῦτο
259 922 297 990 δέ
314 925 373 1002 τὰς
391 925 527 1001 διόδους
543 927 602 1001 τάς
620 925 653 1001 ἐς
670 926 728 1002 τὰς
745 926 896 1011 κορυφάς
913 933 971 1008 τής
989 924 1150 1008 Μυκάλης

142 1031 310 1117 φερούσας
342 1030 589 1113 προστάσσουσι
620 1040 707 1096 τοῖσι
734 1033 932 1113 Μιλησίοισι
965 1029 1149 1114 φυλάσσειν

142 1137 188 1213 ὡς
214 1133 459 1221 ἐπισταμένοισι
487 1137 592 1220 δήθεν
614 1137 754 1220 μάλιστα
776 1137 838 1220 τήν
861 1137 986 1220 χώρην·
1017 1136 1149 1201 ἐποίευν

143 1238 182 1308 δέ
209 1243 331 1307 τούτου
358 1241 500 1324 εἵνεκεν,
528 1241 584 1307 ἵνα
612 1242 704 1318 ἐκτὸς
730 1249 791 1307 τοῦ
815 1239 1040 1327 στρατοπέδου
1063 1242 1150 1306 ἔωσι.

141 1348 283 1424 τούτους
306 1343 367 1431 μὲν
387 1341 519 1430 Ἰάνων,
543 1357 630 1412 τοῖσι
651 1345 707 1412 καὶ
728 1348 925 1413 κατεδόκεον
946 1347 1090 1431 νεοχμὸν
1107 1347 1150 1411 άν

142 1475 174 1517 τι
187 1451 313 1516 ποιέειν
328 1451 488 1536 δυνάμιος
502 1451 779 1538 ἐπιλαβομένοισι,
798 1455 951 1536 τρόποισι
969 1452 1150 1518 τοιούτοισι

142 1557 438 1642 προεφυλάσσοντο
462 1558 497 1622 οί
513 1556 652 1643 Πέρσαι,
675 1555 772 1623 αὐτοὶ
794 1555 832 1622 δὲ
854 1560 1089 1642 συνεφόρησαν
1110 1559 1151 1622 τά

142 1662 245 1748 γέρρα
272 1662 368 1747 ἕρκος
395 1657 480 1728 εἶναι
510 1667 615 1747 σφίσι.
661 1664 706 1740 ὡς
736 1661 773 1729 δέ
800 1664 865 1748 άρα
895 1664 1142 1748 παρεσκεύαστο
1153 1683 1203 1732 100

143 1779 231 1833 τοῖσι
245 1766 393 1852 Ἕλλησι,
415 1772 601 1853 προσήισαν
619 1771 703 1855 πρὸς
722 1771 802 1845 τοὺς
824 1769 1021 1854 βαρβάρους.
1063 1770 1152 1834 ίοῦσι

144 1874 184 1940 δέ
205 1891 266 1958 σφι
288 1876 381 1958 φήμη
404 1896 439 1939 τε
466 1873 622 1940 ἐσέπτατο
646 1874 680 1951 ἐς
701 1875 739 1939 τὸ
762 1876 987 1958 στρατόπεδον
1008 1882 1075 1940 πᾶν
1096 1871 1152 1939 καὶ

143 1983 338 2065 κηρυκήιον,
354 1980 461 2064 ἐφάνη
490 1978 542 2045 ἐπὶ
569 1989 626 2064 τής
652 1989 846 2065 κυματωγῆς
868 1984 1034 2064 κείμενον·
1065 1979 1087 2062 ἡ
1114 1976 1152 2045 δέ

145 2088 238 2170 φήμη
262 2084 384 2168 διῆλθέ
400 2102 461 2169 σφι
484 2081 560 2168 εὀδε,
584 2086 629 2162 ὡς
650 2087 685 2150 οί
697 2084 854 2167 Ἕλληνες
871 2086 932 2168 τήν
950 2086 1152 2170 Μαρδονίου

145 2192 302 2276 στρατιήν
333 2200 454 2278 νικῷεν
487 2190 524 2256 έν
552 2195 730 2256 Βοιωτοῖσι
762 2192 952 2275 μαχόμενοι.
998 2192 1083 2275 δήλα
1110 2191 1151 2276 δή

145 2301 297 2362 πολλοῖσι
319 2300 527 2382 τεκμηρίοισί
547 2296 615 2362 ἐστι
638 2298 678 2361 τά
699 2303 778 2362 θεία
800 2307 867 2362 τῶν
886 2297 1099 2382 πρηγμάτων,
1123 2298 1154 2362 εί

145 2399 201 2465 καὶ
228 2404 301 2467 τότε
327 2411 385 2486 τής
409 2396 535 2485 [αὐτῆς]
559 2402 682 2487 ἡμέρης
705 2403 955 2487 συμπιπτούσης
976 2411 1036 2468 τοῦ
1057 2425 1093 2468 τε
1116 2402 1153 2468 έν

147 2507 333 2592 Πλαταιῇσι
351 2505 406 2572 καὶ
424 2517 484 2573 τοῦ
503 2507 539 2574 έν
557 2508 701 2594 Μυκάλη
720 2508 898 2593 μέλλοντος
916 2511 1053 2574 ἔσεσθαι
1070 2508 1152 2594 πρό·

147 2635 250 2696 ματος
272 2615 364 2698 φήμη
388 2624 474 2678 τοῖσι
488 2612 625 2697 Ἕλλησι
642 2625 729 2680 τοῖσι
746 2617 850 2700 ταύτη
869 2614 1050 2697 ἐσαπίκετο,
1070 2614 1153 2678 ὥστε

146 2720 319 2804 θαρσῆσαί
338 2740 373 2783 τε
400 2720 461 2802 τήν
484 2720 640 2803 στρατιήν
662 2724 773 2808 πολλῷ
797 2724 923 2804 μᾶλλον
945 2717 1000 2784 καὶ
1023 2717 1153 2785 ἐθέλειν

147 2826 403 2909 προθυμότερον
426 2825 644 2890 κινδυνεύειν.
680 2821 735 2889 καὶ
753 2825 830 2888 τόδε
848 2822 962 2909 ἕτερον
984 2821 1145 2889 συνέπεσε
1156 2841 1206 2891 101

147 2932 340 3013 γενόμενον,
364 2931 542 3013 Δήμητρος
563 2929 699 3014 τεμένεα
718 2928 923 3012 Ἐλευσινίης
940 2931 1030 3015 παρὰ
1048 2928 1153 3013 ἀμφο-

147 3032 244 3120 τέρας
274 3036 332 3112 τάς
359 3035 527 3118 συμβολάς
553 3029 654 3100 εἶναι·
686 3032 741 3100 καὶ
770 3037 833 3118 γάρ
864 3035 905 3118 δή
934 3034 970 3100 ἐν
997 3042 1037 3120 τή
1065 3038 1154 3100 Πλα-

148 3141 251 3204 ταιίδι
277 3137 355 3226 παρ’
382 3140 463 3205 αὐτὸ
484 3141 522 3204 τὸ
545 3142 740 3226 Δημήτριον
762 3140 903 3226 ἐγίνετο,
932 3140 976 3216 ὡς
998 3137 1053 3204 καλ
1075 3141 1155 3223 πρό-

149 3248 247 3331 τερόν
279 3269 335 3330 μοι
367 3252 507 3332 είρηται,
539 3244 560 3328 ή
588 3246 688 3330 μάχη,
720 3243 776 3311 καὶ
807 3245 844 3311 ἐν
871 3245 1014 3331 Μυκάλη
1042 3248 1155 3330 ἔμελλε

151 3349 307 3428 ὡσαύτως
330 3353 475 3417 ἔσεσθαι.
511 3350 685 3434 γεγονέναι
708 3347 746 3416 δέ
763 3354 861 3436 νίκην
879 3362 947 3418 τῶν
964 3353 1044 3437 μετὰ
1063 3357 1156 3417 Παυ-

151 3458 273 3520 σανίεω
283 3453 453 3542 Ἑλλήνων
467 3456 578 3542 ὀρθῶς
592 3473 653 3542 σφι
666 3456 687 3541 ἡ
700 3459 792 3543 φήμη
807 3455 983 3542 συνέβαινε
994 3456 1155 3522 ἐλθοῦσα·
