2640 3960
415 231 483 288 ιιΒ,
502 231 549 286 vl.
587 231 664 286 cAP.
684 239 807 287 57-61.
1073 236 1116 300 93

110 374 308 458 βαρβάροισι
330 385 416 439 τοῖσι
439 374 475 440 έν
498 383 537 459 τῇ
557 371 662 460 Ἀσίη·
691 377 844 458 τῶνγὰρ
867 373 915 442 ὧν
938 379 1116 464 βαρβάρων

109 482 146 546 οί
165 486 303 557 πλεῦνες
324 489 369 567 τῷ
394 481 482 568 αὐτῷ
506 483 597 567 νόμςο
620 479 782 566 χρέωνται
804 485 886 548 κατὰ
912 487 990 561 τοὺς
1012 486 1117 549 θοινά-

108 610 187 663 τους
211 593 278 650 τῶν
300 583 473 668 βασιλέων.
498 585 596 650 ἐπεὰν
619 588 682 672 γάρ
701 586 857 672 ἀποθάνη
877 591 1031 670 βασιλεὺς
1049 595 1117 656 Λα-

5 705 6 708 ’
109 693 343 776 κεδαιμονίων,
359 691 395 756 ἐκ
415 692 519 774 πάσης
536 693 589 756 δεῖ
603 694 863 777 Λακεδαίμονος,
882 691 982 778 χωρὶς
1004 699 1116 781 Σπαρ-

109 796 258 881 τιητέων,
296 797 429 884 ἀρνθμςό
453 807 520 862 τῶν
549 801 727 882 περιοίκων
761 795 988 881 ἀναγκαστοὺς
1018 800 1051 876 ἐς
1079 802 1116 866 τὸ

108 905 209 986 κῆδος
232 901 330 968 ίέναι·
362 904 490 967 τούτων
521 897 568 967 ὧν
591 901 734 968 καὶτῶν
758 904 901 969 είλάιτων
924 902 979 969 καὶ
1006 905 1116 970 αὐτῶν

109 1006 345 1093 Σπαρτιητέων
369 1007 468 1072 ἐπεάν
491 1007 716 1092 συλλεχθέωσι
740 1009 773 1085 ές
800 1009 905 1075 τώυτὸ
928 1008 1047 1076 πολλαὶ
1070 1036 1117 1095 χι-

5 1173 6 1180 ,
108 1115 229 1196 λιάδες,
253 1114 398 1198 σύμμιγα
421 1121 494 1198 τῇσι
517 1112 649 1197 γυναιξὶ
671 1117 852 1180 κόπτονταί
871 1138 905 1181 τε
927 1118 967 1180 τά
985 1115 1117 1200 μέτωπα

108 1221 292 1305 προθύμως
314 1217 368 1283 καλ
398 1221 524 1304 οἰμωγῇ
555 1218 770 1304 διαχρέωνται
799 1220 940 1306 ἀπλέτῳ,
974 1223 1117 1306 φάμενοι

107 1328 168 1391 τὸν
190 1326 333 1390 ὕστατον
357 1323 420 1389 αίεὶ
443 1324 689 1409 ἀπογενόμενον
712 1336 779 1390 τῶν
798 1325 972 1410 βασιλέων,
995 1337 1115 1394 τοῦτον

108 1435 150 1516 δη
175 1430 334 1515 γενέσθαι
358 1432 503 1515 ἄριστον.
536 1430 573 1508 ὃς
596 1426 627 1496 δ’
653 1430 695 1495 άν
718 1431 755 1497 έν
778 1431 909 1520 πολέμῳ
932 1444 998 1498 τῶν
1022 1437 1115 1517 βασι-

109 1537 197 1604 λέων
216 1537 383 1621 άποθάνη,
402 1538 507 1624 τούτῳ
523 1533 561 1602 δὲ
577 1538 717 1602 είδωλον
732 1538 950 1615 σκευάσαντες
964 1537 1000 1604 έν
1018 1543 1114 1625 κλίνη

108 1640 147 1710 εὖ
171 1640 358 1728 ἐστρωμένη
378 1641 564 1728 ἐκφέρουσι.
588 1642 687 1707 ἐπεάν
702 1639 739 1707 δὲ
752 1643 898 1726 θάψωσι,
918 1645 1021 1728 ἀγορὴ
1037 1645 1115 1711 δέκα

106 1747 258 1834 ἡμερέων
288 1748 350 1812 οὐκ
385 1749 516 1813 ἵσταταί
546 1764 608 1832 σφι
646 1742 720 1812 οὐδ’
753 1748 943 1834 ἀρχαιρεσίη
980 1755 1114 1833 συνίζει,

107 1856 192 1920 ἀλλὰ
218 1851 401 1918 πενθέουσι
427 1854 546 1930 ταύτας
573 1855 630 1930 τὰς
652 1852 784 1937 ἡμέρας.
830 1853 1055 1938 συμφέρονται
1078 1854 1116 1922 δὲ
1134 1873 1167 1922 59

107 1963 190 2026 ἀλλο
213 1960 289 2024 τόδε
311 1969 397 2024 τοῖσι
421 1957 582 2044 Πέρσησι·
606 1958 704 2023 ἐπεάν
727 1959 957 2036 ἀποθανόντος
979 1970 1040 2026 τοῦ
1058 1965 1115 2044 βα·

107 2065 219 2143 σιλέος
241 2067 339 2142 ἄλλος
362 2064 527 2147 ἐνίστηται
552 2065 717 2148 βασιλεύς,
742 2059 840 2140 οὗτος
862 2065 880 2129 ὁ
904 2064 1003 2130 ἐσιὼν
1026 2065 1115 2132 ἐλευ-

105 2180 210 2258 θεροῖ
229 2172 319 2248 ὅστις
340 2193 373 2234 τι
395 2168 629 2254 Σπαρτιητέων
646 2177 692 2257 τῷ
711 2167 841 2252 βασιλέι·
861 2168 882 2253 η
900 2178 946 2257 τῷ
966 2171 1114 2259 δημοσίςο

107 2281 239 2363 ὤφειλε.
276 2276 313 2341 έν
343 2273 374 2341 δ’
405 2270 449 2340 αὖ
476 2274 666 2360 Πέρσησιδ
695 2275 930 2359 κατιστάμενος
961 2279 1116 2360 βασιλεὺς

106 2387 169 2450 τὸν
191 2384 476 2466 προοφειλόμενον
499 2383 608 2464 φόρον
632 2391 736 2464 μετιεῖ
755 2389 830 2465 τῇσι
852 2384 964 2446 πόλισι
981 2383 1113 2468 πάσησι.

106 2487 337 2575 συμφέρονται
361 2483 476 2552 δὲκαὶ
502 2487 579 2550 τάδε
606 2487 818 2568 Αἰγυπτίοισι
842 2489 1114 2571 Λακεδαιμόνιοι·
1133 2505 1167 2554 60

108 2598 145 2662 οί
165 2597 304 2680 κήρυκες
327 2593 437 2657 αὐτῶν
460 2589 514 2657 καὶ
542 2589 682 2676 αὐληταὶ
710 2590 765 2656 καὶ
793 2592 942 2678 μάγειροι
965 2592 1114 2658 ἐκδέκον-

107 2725 162 2768 ται
184 2701 242 2776 τάς
264 2701 430 2783 πατρωίας
451 2695 576 2782 τέχνας,
600 2694 654 2762 καὶ
676 2697 820 2781 αὐλητής
843 2721 877 2763 τε
900 2697 1047 2781 αὐλητέω
1066 2701 1115 2780 γί-

107 2831 200 2873 νεται
227 2801 283 2870 καὶ
310 2804 464 2889 μάγειρος
491 2806 651 2887 μαγείρου
680 2800 734 2868 καὶ
764 2803 865 2888 κῆρυξ
887 2805 1041 2886 κήρυκος·
1074 2803 1115 2868 οὐ

107 2914 190 2978 κατὰ
220 2911 484 2994 λαμπροφωνίην
511 2907 734 2992 ἐπιτιθέμενοι
762 2910 855 2972 άλλοι
882 2906 986 2991 σφέας
1013 2929 1115 2992 παρα-

107 3021 273 3102 κληίουσι,
296 3014 379 3080 ἀλλὰ
400 3016 480 3080 κατδ
502 3016 542 3080 τά
564 3014 683 3099 πάτρια
702 3011 911 3078 ἐπιτελέουσι.
934 3020 1036 3076 ταῦτα
1054 3009 1115 3097 μέν

108 3125 150 3207 δὴ
174 3122 263 3189 οὕτω
286 3123 420 3204 γίνεται.

198 3227 312 3293 ΤΟΤΕ
337 3223 374 3291 δέ
395 3227 455 3291 τὸν
482 3222 671 3310 Κλεομένεα
693 3223 790 3288 ἐόντα
808 3221 845 3286 ἐν
863 3231 901 3306 τῇ
920 3223 1042 3308 Αίγίνη
1060 3222 1115 3289 καὶ
1134 3241 1165 3290 οι

108 3335 207 3400 κοινά
231 3341 271 3417 τῇ
285 3329 417 3398 Ἑλλάδι
439 3331 551 3415 ἀγαθὰ
572 3330 857 3416 προεργαζόμενον
879 3328 898 3394 δ
916 3329 1116 3415 Δημάρητος

111 3439 260 3524 διέβαλε,
289 3438 351 3503 οὐκ
377 3435 584 3521 Αἰγινητέων
613 3437 699 3501 οὕτω
722 3435 904 3518 κηδόμενος
927 3435 971 3512 ὡς
994 3438 1114 3522 φθόνῳ
