2632 3970
206 224 271 289 338
618 221 806 278 Ηοιιοοοτι

206 368 286 452 μετὰ
318 363 355 432 δὲ
385 368 524 444 τούτους
553 367 685 433 ἵσταντο
715 367 912 450 Κορινθίων
941 364 1208 447 πεντακισχίλιοι,

206 474 294 557 ταρὰ
312 469 349 538 δέ
367 476 462 556 σφίσι
481 473 618 558 εὕροντο
636 473 724 558 ταρὰ
743 473 941 536 Παυσανίεω
960 468 1093 535 ἑστάναι
1107 473 1208 534 Ποτι-

207 575 368 659 δαιητέων
399 588 466 642 τῶν
498 577 534 643 ἐκ
562 579 740 661 Παλλήνης
766 579 845 654 τοὺς
871 577 1053 659 παρεόντας
1078 597 1209 660 τριηκο-

206 685 309 760 σίους.
351 683 479 748 τούτων
502 679 538 748 δέ
560 682 712 767 ἐχόμενοι
734 683 866 747 ἵσταντο
886 678 1039 765 Ἀρκάδες
1059 678 1210 766 Ὀρχομέ-

206 811 274 854 νιοι
288 786 461 871 ἑξακόσιοι,
479 789 607 854 τούτων
623 784 661 853 δὲ
675 788 858 853 Σικυώνιοι
871 790 1054 872 τρισχίλιοι.
1079 787 1210 852 τούτων

207 891 245 960 δὲ
272 900 400 979 είχοντο
420 892 642 979 Ἐπιδαυρίων
665 893 860 959 ὀκτακόσιοι.
901 893 989 978 παρὰ
1012 888 1048 956 δὲ
1070 893 1211 969 τούτους
1297 871 1298 892 ¹

211 1002 414 1083 Τροιζηνίων
437 998 613 1064 ἐτάσσοντο
636 1002 747 1084 χίλιοι,
774 1002 976 1083 Τροιζηνίων
999 994 1036 1063 δὲ
1059 997 1210 1081 ἐχόμενοι
1297 987 1298 990 “

206 1103 422 1187 Λεπρεητέων
446 1106 624 1189 διηκόσιοι,
646 1106 774 1171 τούτων
798 1102 835 1170 δὲ
852 1107 1061 1188 Μυκηναίων
1078 1101 1134 1168 καὶ
1155 1107 1210 1168 Τι-

208 1212 361 1294 ρυνθίων
391 1213 610 1296 τετρακόσιοι,
641 1211 770 1275 τούτων
802 1206 840 1274 δὲ
871 1209 1022 1294 ἐχόμενοι
1056 1209 1210 1275 Φλιάσιοι

207 1317 322 1399 χίλιοι·
351 1315 439 1397 παρά
471 1311 508 1379 δὲ
538 1315 677 1392 τούτους
703 1317 845 1398 ἐστησαν
867 1310 1053 1398 Ἑρμιονέες
1079 1316 1209 1398 τριηκό-

209 1437 284 1484 σιοι.
324 1415 525 1506 Ἑρμιονέων
556 1416 593 1485 δέ
620 1420 770 1504 έχόμενοι
796 1419 929 1483 ἵσταντο
955 1413 1147 1504 Ἐρετριέων
1173 1442 1209 1484 τε

207 1523 263 1590 καὶ
289 1523 448 1605 Στυρέων
475 1523 653 1607 ἑξακόσιοι,
680 1526 807 1591 τούτων
834 1520 872 1588 δὲ
894 1522 1073 1600 Χαλκιδέες
1098 1546 1208 1609 τετρα-

207 1635 325 1714 κόσιοι,
342 1631 471 1696 τούτων
489 1628 526 1697 δὲ
540 1628 810 1717 ’Λμπρακιωτέων
828 1631 1044 1695 πεντακόσιοι.
1078 1631 1157 1712 μετά
1172 1626 1209 1694 δέ

207 1738 346 1814 τούτους
355 1738 549 1803 Λευκαδίων
563 1733 843 1822 καὶἏνακτορίων
857 1735 1044 1800 ὀκτακόσιοι
1055 1736 1208 1818 ἔστησαν,

206 1843 335 1907 τούτων
358 1839 396 1908 δὲ
418 1842 568 1928 ἐχόμενοι
588 1841 714 1919 Παλέες
736 1842 771 1907 οί
791 1840 827 1906 έκ
844 1842 1076 1924 Κεφαλληνίης
1100 1841 1207 1924 διηκό-
1295 1903 1298 1920 ,

209 1963 284 2013 σιοι.
331 1949 410 2033 μετά
442 1944 480 2012 δὲ
510 1948 648 2024 τούτους
671 1944 877 2030 Αἰγινητέων
903 1948 1112 2011 πεντακόσιοι
1138 1944 1209 2011 ἐτά-

207 2060 348 2137 χθησαν.
389 2055 477 2139 παρά
500 2049 536 2120 δὲ
557 2055 696 2129 τούτους
718 2051 895 2117 ἐτάσσοντο
913 2049 1098 2136 Μεγαρέων
1119 2067 1209 2136 τρισ-

208 2161 316 2241 χίλιοι.
354 2165 481 2244 είχοντο
501 2155 539 2223 δὲ
555 2159 683 2224 τούτων
698 2154 877 2233 Πλαταιέες
895 2153 1065 2234 ἑξακόσιοι.
1099 2165 1208 2222 τελευ-

151 2284 154 2291 ’
208 2272 295 2327 ταῖοι
314 2261 351 2328 δὲ
368 2262 423 2329 καὶ
438 2274 562 2348 πρῶτοι
572 2260 745 2346 Ἀθηναῖοι
764 2261 951 2344 ἐτάσσοντο,
969 2260 1066 2347 κέρας
1080 2263 1210 2346 ἔχοντες

209 2367 245 2430 τὸ
264 2367 449 2452 εὐώνυμον,
468 2367 712 2452 ὀκτακισχίλιοι·
736 2367 928 2453 ἐστρατήγεε
946 2361 977 2431 δ’
999 2366 1109 2432 αὐτῶν
1124 2365 1209 2453 ’Λρι

156 2488 190 2538 29
209 2473 339 2556 στείδης
371 2472 388 2538 ὁ
416 2473 619 2558 Λυσιμάχου.
669 2469 776 2556 οὗτοι,
807 2474 894 2555 πλήν
924 2483 992 2538 τῶν
1023 2471 1102 2538 ἑπτά
1133 2470 1209 2556 περὶ

209 2575 347 2643 ἕκαστον
369 2576 576 2662 τεταγμένων
599 2582 839 2663 Σπαρτιήτῃσι,
861 2574 946 2663 ἦσαν
969 2578 1107 2650 ὁπλῖται.
1131 2594 1209 2644 συν-

209 2683 349 2761 άπαντες
380 2682 489 2760 ἐόντες
515 2683 661 2770 ἀριθμὸν
687 2695 774 2768 τρεῖς
798 2707 834 2749 τε
860 2684 1016 2770 μυριάδες
1042 2681 1097 2749 καὶ
1124 2683 1209 2749 ὀκτὼ

208 2789 353 2874 χιλιάδες
374 2787 427 2855 καλ
453 2788 665 2866 ἑκατοντάδες
687 2787 774 2854 ἑπτά.
809 2789 938 2855 ὁπλῖται
961 2787 1022 2874 μὲν
1040 2789 1076 2854 οἵ
1090 2789 1211 2866 πάντες
1296 2823 1297 2834 ¹

209 2893 420 2979 συλλεγέντες
446 2893 499 2960 ἐπὶ
525 2897 584 2960 τὸν
607 2895 776 2981 βάρβαρον
799 2888 885 2977 ήσαν
906 2903 1074 2977 τοσοῦτοι,
1100 2900 1209 2974 ψιλῶν

210 2995 247 3064 δὲ
269 3005 398 3084 πλῆθος
419 2996 463 3085 ἦν
484 3001 571 3083 τόδε,
593 3009 650 3084 τῆς
670 2997 730 3084 μὲν
749 3004 990 3085 Σπαρτιητικῆς
1006 2999 1115 3079 τάξιος
1133 3021 1210 3066 πεν-

209 3110 403 3190 τακισχίλιοι
421 3104 476 3172 καὶ
492 3108 681 3194 τρισμύριοι
699 3107 817 3191 ἄνδρες
836 3105 879 3182 ὡς
897 3105 1020 3171 ἐόντων
1039 3105 1118 3172 ἑπτὰ
1134 3105 1210 3191 περὶ

210 3207 348 3276 ἕκαστον
371 3213 493 3296 άνδρα,
518 3210 722 3278 καὶτούτων
744 3219 807 3288 πᾶς
828 3233 877 3287 τις
898 3213 1085 3297 παρήρτητο
1109 3212 1155 3289 ὡς
1178 3212 1211 3288 ές

209 3317 365 3399 πόλεμον·
381 3317 416 3382 οί
428 3313 464 3382 δὲ
478 3329 544 3383 τῶν
559 3323 683 3382 λοιπῶν
693 3317 965 3400 Λακεδαιμονίων
978 3314 1211 3402 καῖἙλλήνων

209 3422 316 3501 ψιλοί,
349 3420 393 3496 ὡς
420 3413 467 3497 εἷς
493 3420 568 3506 περὶ
595 3421 732 3488 ἑκαστον
760 3421 823 3486 ἐὼν
851 3423 972 3508 ἄνδρα,
999 3425 1211 3490 πεντακόσιοι
