2640 3960
197 220 242 284 40
609 216 797 272 HERODOTI

198 373 264 427 τῶν
293 360 395 444 σφέας
423 363 674 446 περιοικεόντων
702 357 787 443 ἦσαν
814 363 855 428 τδι
876 360 1015 446 πολέμια
1038 361 1208 445 ἀμείνους,

199 466 463 552 ἀπαλλαχθέντες
491 467 527 533 δέ
550 468 724 552 τυρύννωυ
753 475 865 556 μακρῷ
893 477 1017 550 πρῶτοι
1040 467 1208 548 ἐγένοντο.

200 574 299 655 δηλοῖ
323 570 370 639 ὦν
397 582 498 638 ταῦτα
526 574 576 637 ὅτι
603 574 814 655 κατεχόμενοι
837 571 897 656 μὲν
920 573 1139 638 ἐθελοκάκεον
1162 573 1208 648 ὡς

200 680 340 764 δεσπότη
364 679 590 764 ἐργαζόμενοι,
622 676 919 763 ἐλευθερωθέντων
947 675 984 742 δέ
1012 677 1111 753 αὐτὸς
1134 676 1206 742 έκα-

148 807 180 854 ‘19
200 801 275 860 στος
306 784 417 870 ἑωυτῷ
449 781 674 868 προεθυμέετο
708 783 970 866 κατεργάζεσθαι.
1017 777 1110 848 οὗτοι
1145 783 1208 866 μέν

199 914 263 955 νυν
285 899 387 957 ταῦτα
411 892 592 972 ἔπρησσον,
617 891 757 970 Θηβαῖοι
780 885 817 952 δὲ
840 889 919 971 μετὰ
941 897 1042 953 ταῦτα
1067 889 1100 964 ἐς
1120 891 1208 953 θεὸν

200 999 359 1079 ἔπεμπον,
383 997 581 1078 βουλόμενοι
603 997 759 1058 τίσασθαι
779 991 985 1076 Ἀθηναίους.
1029 993 1050 1076 ἡ
1074 993 1111 1058 δὲ
1135 997 1208 1059 Πυ·

199 1105 258 1184 θιή
291 1101 353 1166 ἀπὸ
390 1100 502 1185 σφέων
534 1098 594 1183 μὲν
626 1099 736 1163 αὐτῶν
769 1099 829 1162 οὐκ
862 1101 925 1182 έφη
957 1101 1087 1165 αὐτοῖσι
1120 1095 1209 1164 εἶναι

199 1211 298 1289 τίσιν,
320 1207 353 1283 ἐς
370 1207 569 1290 πολύφημον
588 1201 625 1269 δέ
644 1203 866 1280 ἐξενείκαντας
885 1204 1011 1270 ἐκέλευε
1030 1216 1096 1269 τῶν
1115 1206 1208 1290 ἄγχι-

200 1330 260 1378 στα
277 1312 421 1378 δέεσθαι.
458 1311 673 1376 ἀπελθόντων
693 1305 739 1372 ὧν
753 1319 820 1373 τῶν
833 1312 1034 1391 θεοπρόπων
1049 1311 1208 1395 ἐξέφερον

199 1422 235 1483 τὸ
259 1421 459 1503 χρηστήριον
483 1417 579 1499 ἁλίην
602 1415 829 1498 ποιησάμενοι·
853 1415 897 1491 ὡς
918 1415 1149 1482 ἐπυνθάνοντο
1170 1414 1208 1482 δὲ

199 1527 364 1607 λεγόντοιν
383 1523 493 1587 αὐτῶν
506 1533 573 1587 τῶν
589 1523 726 1604 ἄγχιστα
741 1519 887 1601 δέεσθαι,
907 1514 1003 1586 εἶπαν
1017 1522 1052 1588 οἰ
1064 1525 1208 1605 Θηβαῖοι

200 1631 398 1704 ἀκούσαντες
424 1629 564 1692 τούτων·
604 1627 673 1691 Οὐκ
697 1621 744 1690 ὧν
767 1627 903 1709 ἄγχιστα
925 1625 1036 1710 ἡμέων
1059 1627 1208 1693 οἰκέουσι

203 1737 408 1818 Ταναγραῖοί
427 1757 461 1798 τε
484 1731 538 1797 καὶ
557 1735 747 1817 Κορωναῖοι
769 1729 823 1796 καί
842 1730 1009 1810 Θεσπιέες,
1033 1731 1087 1796 καὶ
1111 1729 1211 1798 οὗτοί

199 1867 236 1926 γε
259 1843 325 1926 ἅμα
348 1841 427 1924 ἡμῖν
450 1835 513 1902 αἰεὶ
537 1841 716 1922 μαχόμενοι
738 1838 919 1921 προθύμως
937 1837 1205 1922 συνδιαφέρουσι

199 1951 259 2014 τὸυ
281 1950 435 2030 πόλεμον.
476 1947 510 2008 τί
531 1945 584 2008 δεῖ
603 1943 730 2008 τούτων
748 1965 786 2024 γε
804 1941 955 2020 δέεσθαι;
980 1943 1061 2007 ἀλλὰ
1080 1950 1207 2026 μᾶλλον

148 2075 181 2124 80
200 2057 242 2137 μὴ
267 2055 308 2120 οὐ
331 2062 428 2119 τοῦτο
453 2042 473 2137 ᾖ
496 2051 533 2116 τὸ
557 2051 765 2135 χρηστήριον.
805 2057 940 2113 τοιαῦτα
964 2049 1206 2134 ἐπιλεγομένων

200 2156 269 2224 εἶπε
293 2161 333 2242 δή
356 2181 430 2224 κοτε
453 2157 573 2241 μαθών
595 2174 656 2230 τις·
681 2151 764 2236 Ἐγύ
787 2177 843 2238 μοι
867 2153 970 2220 δοκέω
994 2155 1145 2220 συνιέναι
1169 2159 1206 2220 τὸ

200 2263 293 2328 θέλει
316 2263 424 2346 λέγειν
446 2263 526 2344 ἡμῖν
549 2263 586 2325 τὸ
610 2262 779 2343 μαντήιον.
814 2257 963 2325 Ἀσωποῦ
982 2260 1135 2342 λέγονται
1154 2285 1205 2344 γε-

200 2368 320 2434 νέσθαι
342 2367 523 2450 θυγατέρες
546 2367 638 2446 Θήβη
661 2387 695 2428 τε
718 2362 773 2429 καὶ
796 2371 931 2448 Αἰγινα·
961 2367 1088 2432 τούτων
1112 2367 1206 2432 ἀδελ-

201 2484 291 2558 φεῶν
324 2469 467 2536 ἐουσέων
501 2467 604 2534 δοκέω
636 2469 715 2553 ἡμῖν
744 2470 950 2554 Αἰγινητέων
982 2471 1117 2538 δέεσθαι
1147 2475 1206 2539 τὸν

200 2581 283 2645 θεὸν
311 2586 429 2664 χρῆσαι
456 2577 692 2660 τιμωρητήρων
719 2575 885 2660 γενέσθαι.
930 2576 985 2643 καὶ
1008 2579 1049 2644 οὐ
1071 2579 1135 2662 γάρ
1158 2603 1207 2656 τις

201 2687 320 2769 ταύτης
343 2685 487 2767 ἀμείνων
509 2681 624 2764 γνώμη
649 2681 759 2747 ἐδόκεε
778 2685 969 2766 φαίνεσθαι,
994 2683 1110 2748 αὐτίκα
1128 2684 1206 2768 πέμ-

202 2804 322 2870 ψαντες
358 2787 490 2854 ἐδέοντο
520 2787 741 2872 Αἰγινητέων,
780 2788 1024 2873 ἐπικαλεόμενοι
1056 2793 1138 2854 κατὰ
1169 2792 1205 2854 τὸ

202 2897 400 2983 χρηστήριόν
423 2911 484 2976 σφι
507 2893 674 2976 βοηθέειν,
698 2894 742 2970 ὡς
761 2893 885 2958 ἐόντων
903 2893 1092 2978 ύγχιστέων,
1118 2897 1153 2961 οί
1170 2893 1208 2961 δέ

202 3021 262 3088 σφι
296 2999 442 3066 αἰτέουσι
474 2997 666 3082 ἐπικουρίην
701 3001 779 3074 τοὺς
809 3000 968 3075 Αἰακίδας
1001 3001 1206 3086 συμπέμπειν

150 3128 182 3178 81
203 3113 339 3193 ἔφασαν.
388 3103 639 3188 πειρησαμένων
676 3100 713 3169 δὲ
744 3114 810 3167 τῶν
843 3108 998 3187 (θηβαίων
1033 3111 1113 3171 κατὰ
1146 3110 1206 3192 τὴν

203 3213 389 3297 συμμαχίην
415 3221 481 3274 τῶν
504 3209 691 3274 Αἰακιδέων
713 3206 768 3273 καὶ
790 3209 933 3293 τρηχέως
955 3212 1206 3296 περιεφθέντων

202 3321 266 3385 υπὸ
293 3329 359 3382 τῶν
380 3311 565 3400 Ἀθηναίων
589 3310 681 3391 αὖτις
704 3315 739 3380 οἰ
760 3319 901 3398 Θηβαῖοι
923 3317 1106 3400 πέμψαντες
1130 3322 1206 3395 τοὺς

203 3422 263 3508 μέν
283 3425 441 3500 ,Αἰακίδας
460 3439 520 3506 σφι
539 3421 750 3504 ἀπεδίδοσαν,
769 3433 836 3486 τῶν
855 3419 891 3486 δὲ
911 3422 1043 3500 ἀνδρῶν
1062 3423 1205 3492 ἐδέοντο.
