2678 3970
210 243 274 306 160
619 239 805 296 HERODOTI

207 385 448 469 καταλαμβάνει
477 385 601 462 πάντας
629 385 695 470 ἅμα
721 382 775 450 σοὶ
804 385 1041 471 στρατεύεσθαι
1068 379 1121 448 ἐπὶ
1147 381 1210 465 τήν
1317 359 1318 434 ί

203 485 353 555 Ἑλλάδα.
390 493 432 556 σὺ
451 490 498 574 δέ,
518 487 543 556 ὑ
562 495 708 576 βασιλεῦ,
728 486 783 575 ἐμὲ
802 491 835 568 ἐς
852 492 928 556 τόδε
945 489 1073 574 ἡλικίης
1086 489 1210 572 ήκοντα

207 596 369 681 οἰκτείρας
395 608 463 663 τῶν
490 620 546 682 μοι
574 598 703 662 παίδων
731 595 790 661 ἕνα
815 597 1008 682 παράλυσον
1029 604 1086 678 τής
1112 611 1210 680 στρα-

207 709 278 784 τιής
308 703 367 768 τὸν
397 703 641 788 πρεσβύτατον,
673 702 727 766 ἵνα
760 701 863 767 αὑτοῦ
894 725 929 768 τε
957 701 1035 786 ἐμεῦ
1060 699 1116 766 καί
1141 711 1210 765 τῶν
1318 759 1319 762 ,

207 807 382 892 χρημάτων
413 799 435 894 η’
466 810 659 893 μελεδωνός.
703 810 781 884 τοὺς
813 804 850 872 δέ
876 810 1031 893 τέσσερας
1058 808 1116 890 άγε
1143 807 1209 891 ἅμα

155 935 189 984 σε
208 921 340 1001 σεωυτῷ
359 911 413 980 καὶ
431 913 554 998 πρήξας
571 915 611 978 τὰ
628 912 734 990 νοέεις
751 915 944 996 νοστήσειας
962 913 1075 978 ὀπίσω.
1106 911 1210 996 κάρτα
1319 941 1320 990 4

207 1040 243 1082 τε
265 1017 427 1104 ἐθυμώθη
456 1019 474 1084 ὑ
497 1018 619 1105 Ξέρξης
646 1016 700 1083 καὶ
727 1018 878 1102 ἀμείβετο
905 1019 1044 1084 τοισίδε·
1066 1010 1105 1082 Ὦ
1131 1014 1208 1082 κακὲ

207 1124 376 1209 ἄνθρωπε,
400 1127 442 1189 σὺ
461 1124 641 1207 ἐτόλμησας
658 1124 735 1208 ἐμεῦ
753 1122 1015 1209 στρατευομένου
1035 1124 1138 1189 αὑτοῦ
1157 1121 1210 1188 ἐπὶ

207 1230 268 1305 τήν
286 1226 426 1295 Ἑλλάδα
448 1227 503 1294 καὶ
525 1231 665 1313 άγοντος
686 1230 805 1306 παῖδας
830 1229 928 1314 ἐμοὺς
949 1228 1004 1295 καὶ
1026 1230 1210 1315 άδελφεοὺς

207 1348 262 1401 καὶ
289 1339 436 1419 οἰκηίους
462 1332 516 1400 καί
544 1337 663 1419 φίλους
685 1337 877 1421 μνήσασθαι
902 1333 978 1420 περὶ
1001 1336 1058 1402 σέο
1080 1337 1208 1418 παιδός,

206 1447 272 1508 ἐὼν
301 1442 378 1526 ἐμὸς
405 1441 538 1521 δοῦλος,
573 1441 632 1505 τὸν
663 1449 745 1526 χρήν
776 1444 930 1527 πανοικίῃ
962 1441 1045 1526 αὐτῇ
1075 1440 1208 1525 γυναικὶ

206 1547 424 1625 σννέπεσθαι;
450 1541 487 1612 εὑ
508 1555 573 1612 νῦν
594 1542 667 1610 τόδ’
693 1543 897 1628 ἐξεπίστασο,
921 1545 966 1622 ὡς
989 1545 1025 1611 έν
1042 1557 1128 1612 τοῖσι
1147 1545 1209 1612 ὠσί

206 1651 481 1737 τῶνάνθρώπων
500 1649 598 1716 οίκέει
616 1650 634 1716 ὁ
653 1653 772 1737 θυμός,
791 1650 828 1728 ὃς
845 1653 969 1736 χρηστά
987 1647 1047 1735 μέν
1065 1651 1208 1728 άκοὺσας

206 1768 340 1843 τερψιος
358 1757 512 1841 ἐμπιπλεῖ
526 1757 563 1822 τὸ
582 1766 686 1840 σῶμα,
704 1755 884 1821 ὑπεναντία
903 1751 940 1821 δέ
952 1757 1099 1822 τούτοισι
1112 1757 1208 1822 ἀκού·
1321 1799 1322 1818 .

206 1881 267 1941 σας
302 1860 453 1928 ἀνοιδέει.
504 1863 558 1927 ὅτε
590 1861 651 1947 μέν
686 1885 751 1928 νυν
782 1862 906 1946 χρηστά
942 1863 1081 1944 ποιήσας
1114 1861 1209 1950 ἕτερα
1320 1933 1322 1952 ρ

204 1979 342 2035 τοιαῦτα
365 1967 570 2053 ἐπηγγέλλεο,
594 1968 799 2054 εὑεργεσίησι
817 1965 953 2051 βασιλέα
972 1968 1013 2032 οὐ
1030 1971 1209 2054 καυχήσεαι

207 2074 466 2160 ὑπερβαλέσθαι·
498 2075 602 2139 ἐπείτε
626 2069 663 2139 δέ
686 2072 719 2151 ἐς
740 2074 778 2139 τὸ
801 2071 1035 2159 ἀναιδέστερον
1058 2074 1207 2162 ἐτράπευ,

206 2181 268 2263 τήν
289 2177 350 2264 μέν
373 2178 467 2262 άξίην
491 2179 531 2244 οὐ
554 2179 710 2262 λάμψεαι,
738 2177 864 2244 ἐλάσσω
888 2176 925 2244 δέ
946 2187 1004 2262 τής
1025 2179 1126 2265 άξίης.
1172 2179 1208 2248 σέ

205 2284 268 2370 μέν
298 2285 361 2368 γάρ
390 2282 445 2348 καὶ
476 2286 553 2361 τοὺς
584 2282 739 2372 τέσσερας
770 2294 838 2350 τῶν
869 2286 998 2351 παίδων
1029 2286 1143 2371 βὺεται
1169 2290 1208 2352 τά

206 2389 324 2468 ξείνια·
356 2399 416 2454 τοῦ
439 2386 476 2455 δὲ
499 2389 587 2474 ἑνός,
614 2400 674 2456 τοῦ
696 2391 859 2477 περιέχεαι
881 2392 1035 2476 μάλιστα,
1057 2401 1097 2477 τῇ
1119 2402 1207 2478 ψυχή

207 2495 390 2579 ζημιώσεαι.
435 2495 479 2570 ὡς
506 2492 543 2559 δέ
569 2505 671 2560 ταῦτα
697 2495 909 2580 ὑπεκρίνατο,
938 2496 1054 2562 αὐτίκα
1081 2496 1207 2564 ἐκέλευε

205 2611 293 2666 τοῖσι
331 2598 567 2683 προσετέτακτο
608 2608 709 2664 ταῦτα
748 2602 927 2684 πρήσσειν,
967 2612 1035 2665 τῶν
1071 2605 1209 2668 Πυθίου

206 2707 335 2772 παίδων
371 2703 562 2789 ἐξευρόντας
597 2705 656 2770 τὸν
691 2705 917 2790 πρεσβύτατον
953 2704 1056 2790 μέσον
1098 2707 1208 2772 διατα-

207 2823 296 2896 μεῖν,
327 2811 544 2895 διαταμόντας
572 2807 608 2875 δέ
639 2811 679 2875 τά
704 2811 847 2895 ήμίτομα
879 2811 1047 2876 διαθεῖναι
1077 2811 1115 2878 τὸ
1147 2809 1209 2896 μὲν

207 2915 260 2983 ἐπὶ
287 2915 376 2995 δεξιὰ
402 2925 459 2999 τής
486 2916 582 2998 ὁδοῦ,
614 2917 651 2981 τὸ
679 2912 710 2980 δ’
741 2909 790 2980 ἐπ’
820 2914 989 3000 ἀριστερά,
1020 2913 1075 2981 καὶ
1104 2918 1208 3004 ταύτῃ

154 3039 188 3090 40
208 3022 363 3102 διεξιέναι
384 3023 443 3087 τὸν
466 3023 615 3106 στρατόν.
659 3021 868 3105 ποιησάντων
891 3017 928 3086 δέ
949 3022 1077 3087 τούτων
1098 3032 1205 3107 τοῦτο,

207 3130 287 3213 μετὰ
308 3135 410 3193 ταῦτα
433 3125 553 3209 διεξήιε
573 3126 591 3192 ὁ
611 3128 756 3210 στρατός.
793 3125 930 3210 ήγέοντο
950 3125 987 3193 δὲ
1003 3139 1129 3213 πρῶτοι
1146 3126 1208 3213 μὲν

207 3233 243 3297 οί
263 3234 463 3315 σκευοφόροι
485 3254 521 3296 τε
547 3229 602 3295 καί
629 3232 668 3296 τά
694 3231 869 3316 ὑποζύγια,
897 3233 977 3317 μετὰ
1006 3230 1043 3298 δέ
1069 3235 1209 3312 τούτους

208 3337 345 3421 στρατὸς
370 3339 538 3403 παντοίων
565 3333 693 3402 ἐθνέων
720 3336 852 3422 ἀναμίξ,
881 3339 922 3404 οὐ
949 3337 1207 3425 διακεκριμένοι·

206 3449 247 3527 τή
270 3437 307 3506 δέ
329 3440 543 3526 ὑπερημίσεες
565 3436 660 3526 ήσαν,
686 3441 832 3508 ἐνθαῦτα
856 3442 1065 3530 διελέλειπτο,
1087 3441 1143 3509 καί
1165 3445 1208 3510 οὑ
