2678 3970
427 267 494 322 ΜΒ.
509 267 568 323 v11.
602 267 677 323 υΔΡ.
699 273 854 322 τεο-ωε.
1084 266 1150 333 209

143 413 332 495 νομιζοίατο
369 412 452 497 πρὸς
483 411 587 476 αὐτοῦ
619 406 704 476 εἶναι
735 410 894 495 πολέμιοι.
945 411 1081 496 βασιλέα
1113 409 1151 477 δὲ

141 511 354 603 Ἀρτοξέρξην
377 518 517 601 μάλιστα
540 516 693 602 ἐμμένειν
716 517 821 601 φάναι
842 515 898 582 καὶ
917 518 1076 603 οὐδεμίαν
1094 543 1149 584 νο-

144 626 250 706 μίζειν
271 626 369 688 πόλιν
388 623 525 710 ’Ἀργεος
548 621 757 709 φιλιωτέρην.
798 625 830 688 εί
850 622 911 706 μέν
932 647 996 690 νυν
1018 623 1142 711 Ξέρξης
1153 641 1204 690 152
1318 611 1319 650 ³

143 751 180 794 τε
202 729 371 813 ἀπέπεμψε
393 737 495 793 ταῦτα
518 727 657 812 λέγοντα
678 731 805 815 κήρυκα
825 727 859 804 ἐς
871 726 993 814 Ἀργος
1009 727 1064 794 καί
1079 727 1151 816 Ἀρ-
1319 737 1320 742 ’

144 837 246 918 γείων
273 835 408 917 ἀγγελοι
435 833 616 916 ἀναβάντες
643 833 676 910 ές
698 837 816 898 Σοῦσα
837 832 1023 919 ἐπειρώτων
1042 829 1150 920 Ἀρτο-

144 939 261 1026 ξέρξην
293 939 369 1026 περὶ
402 942 525 1023 φιλίης,
553 939 615 1004 οὐκ
642 942 705 1024 ἔχω
733 937 892 1024 ἀτρεκέως
919 941 1038 1023 είπείν,
1070 941 1153 1007 οὐδέ

143 1069 220 1110 τινα
250 1046 387 1129 γνώμην
418 1042 493 1130 περὶ
525 1044 634 1109 αὐτῶν
666 1043 894 1128 ἀποφαίνομαι
925 1045 1030 1126 ἀλλην
1060 1069 1098 1129 γε
1128 1046 1150 1131 ἢ

143 1153 206 1234 τήν
229 1172 290 1236 περ
311 1147 406 1216 αὐτοὶ
426 1147 567 1235 Ἀργεῖοι
585 1148 728 1233 λέγουσι.
765 1149 938 1233 ἐπίσταμαι
956 1147 994 1215 δὲ
1011 1161 1150 1217 τοσοῦτο

145 1258 198 1322 ὅτι
234 1259 266 1322 εί
300 1257 420 1332 πάντες
452 1257 627 1341 ἄνθρωποι
662 1257 702 1320 τὰ
732 1257 840 1339 οίκήια
871 1258 954 1322 κακὰ
985 1256 1019 1334 ές
1048 1257 1152 1342 μέσον

145 1366 370 1428 συνενείκαιεν
402 1361 607 1440 ἀλλάξασθαι
635 1365 834 1447 βουλόμενοι
859 1374 947 1427 τοῖσι
972 1367 1151 1446 πλησίοισι,

145 1469 347 1552 ἐγκύψαντες
374 1467 416 1533 ἀν
443 1467 477 1545 ές
502 1470 542 1533 τὰ
568 1479 635 1533 τῶν
662 1467 762 1546 πέλας
783 1470 866 1534 κακὰ
888 1469 1056 1546 ἀσπασίως
1078 1469 1151 1536 ἕκα-

146 1593 219 1640 στοι
243 1575 353 1640 αὐτῶν
375 1573 597 1659 ἀποφεροίατο
621 1567 725 1640 ἀπίσω
748 1577 788 1639 τὰ
806 1573 1026 1658 ἐσηνείκαντο.
1063 1576 1150 1642 οὕτω

146 1677 221 1746 οὐδ’
254 1679 431 1766 Ἀργείοισι
462 1685 612 1764 αἴσχιστα
639 1684 820 1764 πεποίηται.
869 1680 933 1766 ἐγὼ
962 1678 999 1746 δέ
1026 1681 1149 1764 ὀφείλω

146 1786 256 1870 λέγειν
283 1789 324 1852 τὰ
345 1789 522 1870 λεγόμενα,
549 1789 732 1852 πείθεσθαί
751 1810 788 1869 γε
816 1783 877 1871 μὲν
900 1787 1151 1853 οὔπαντάπασι

145 1891 282 1976 ὀφείλω,
306 1895 365 1957 καί
380 1915 436 1976 μοι
458 1900 556 1957 τοῦτο
578 1893 616 1956 τὸ
640 1894 717 1968 ἔπος
740 1891 837 1976 έχέτω
858 1892 892 1969 ές
910 1893 1016 1958 πάντα
1034 1897 1149 1975 λόγον·

145 1995 216 2063 ἐπεὶ
237 1996 293 2063 καὶ
315 2006 417 2063 ταῦτα
439 1997 582 2081 λέγεται,
606 1997 650 2074 ὡς
673 1999 736 2082 ἀρα
756 1996 897 2083 Ἀργεῖοι
918 1995 1004 2082 ἦσαν
1027 2001 1063 2064 οί
1082 1999 1151 2066 ἐπι-

148 2104 366 2188 καλεσάμενοι
387 2106 447 2170 τὸν
465 2101 601 2189 Πέρσην
624 2101 677 2168 ἐπὶ
698 2105 760 2187 τήν
778 2101 930 2187 Ἑλλάδα,
953 2105 1066 2188 ἐπειδή
1089 2123 1151 2190 σφι

145 2211 229 2295 πρὸς
251 2212 535 2295 Λακεδαιμονίους
556 2220 664 2286 κακῶς
685 2209 705 2292 ἡ
729 2211 827 2294 αἰχμή
851 2209 995 2294 ἑστήκεε,
1018 2220 1084 2277 πᾶν
1107 2213 1149 2296 δή

145 2317 349 2399 βουλόμενοί
369 2331 430 2399 σφι
452 2308 538 2380 εἶναι
559 2316 623 2401 πρὸ
645 2323 703 2398 τῆς
724 2316 910 2401 παρεούσης
932 2318 1046 2400 λύπης.
1076 2337 1081 2350 ’

239 2423 286 2484 T&
314 2417 374 2504 μὲν
400 2419 475 2506 περὶ
494 2417 651 2506 Ἀργείων
673 2427 812 2506 εἴρηται·
845 2421 878 2497 ἐς
901 2418 938 2487 δέ
960 2424 1022 2506 τήν
1045 2429 1201 2490 Eme-153

145 2528 223 2608 λίην
255 2527 350 2592 ἀλλοι
375 2550 410 2592 τε
441 2527 579 2593 ἀπίκατο
610 2529 743 2611 ἀγγελοι
775 2527 838 2592 ἀπὸ
869 2539 936 2593 τῶν
969 2531 1149 2614 συμμάχων

146 2632 363 2717 συμμίξοντες
393 2632 520 2698 Γέλωνι
547 2631 602 2698 καὶ
634 2633 756 2718 δήκαὶ
783 2634 846 2700 ἀπὸ
873 2635 1148 2718 Λακεδαιμονίων

146 2740 310 2824 Σύαγρος.
351 2747 412 2804 τοῦ
435 2736 472 2804 δὲ
494 2738 645 2817 Γέλωνος
666 2742 787 2806 τούτου
808 2742 984 2825 πρόγονος,
1007 2742 1148 2826 οίκήτωρ

146 2844 165 2910 ὁ
189 2844 225 2910 έν
248 2845 345 2931 Γέλη,
367 2841 410 2929 ήν
433 2845 468 2912 ἐκ
490 2848 595 2929 νήσου
621 2849 730 2930 Τήλου
757 2855 814 2930 τής
836 2845 889 2911 έπὶ
916 2849 1060 2930 Τριοπίῳ
1082 2869 1147 2911 κει-

146 2950 260 3034 μένης·
293 2951 329 3028 ὃς
355 2950 543 3036 κτιζομένης
565 2951 669 3035 Γέλης
697 2952 761 3017 ὑπὸ
784 2953 934 3017 Λινδίων
956 2974 991 3015 τε
1017 2960 1084 3016 τῶν
1111 2951 1147 3016 έκ

149 3059 258 3123 Ρόδου
285 3056 340 3124 καί
359 3055 561 3142 Ἀντιφήμου
592 3058 652 3123 οὐκ
679 3058 828 3141 ἐλείφθη.
873 3057 936 3122 ἀνὰ
962 3059 1086 3142 χρόνον
1109 3055 1146 3122 δὲ
1226 3144 1228 3148 .

144 3162 250 3228 αὐτοῦ
278 3164 313 3228 οί
332 3163 491 3246 ἀπόγονοι
513 3165 686 3246 γενόμενοι
710 3162 886 3246 ίροφάνται
907 3172 974 3228 τῶν
996 3165 1146 3247 χθονίων

144 3274 237 3334 θεῶν
269 3268 431 3334 διετέλεον
459 3268 581 3348 ἐόντες,
615 3269 760 3349 Τηλίνεω
788 3265 862 3343 ἑνός
889 3290 945 3332 τευ
972 3277 1039 3332 τῶν
1065 3289 1145 3355 προ-

21 3449 22 3457 ,
145 3376 255 3456 γόνων
272 3371 478 3458 κτησαμένου
495 3374 605 3460 τρύπφ
623 3372 754 3459 τοιῷδε·
777 3371 810 3448 ές
827 3373 1030 3459 Μακτώριον
1047 3377 1145 3440 πόλιν

22 3481 26 3590 l
143 3480 206 3562 τήν
237 3477 319 3563 ὑπὲρ
349 3477 452 3560 Γέλης
487 3474 666 3560 οἰκημένην
697 3479 823 3561 ἔφυγον
854 3478 973 3563 ἄνδρες
1004 3476 1145 3567 Γελῴων

197 3591 289 3632 Πειοω.
301 3591 334 3631 11.
901 3587 934 3636 14
