2678 3968
370 264 437 320 121ss.
453 264 526 320 vm.
563 263 638 320 οΑΡ,
659 271 814 337 ιετ-ιιο,
828 289 856 323 α.
1061 269 1125 334 317

123 398 196 473 οἷόν
218 430 249 472 τι
273 417 380 493 χρῆμα
403 413 549 494 ποιήσειε
573 409 685 486 ὀπαῖς
702 408 756 476 καὶ
775 411 819 488 ὡς
837 415 901 477 σὺν
918 416 986 502 νόφ
1006 416 1126 478 κείνων

121 512 326 591 ὀνεώτατος
352 515 448 599 λάβοι
475 517 515 581 τὰ
542 517 710 600 διδόμενα.
756 515 774 581 ὀ
799 513 959 583 δὲταῦτα
982 518 1126 596 ἀκούσας

120 616 175 683 καί
206 618 360 698 ὀξυνθεὶς
389 619 506 706 πέμπει
534 618 583 687 ἐπ’
615 621 737 698 αὐτοὺς
770 620 885 700 ίππέας
916 621 1124 702 ἀπολέοντας.

120 727 266 809 ποταμὸς
290 725 329 791 δέ
346 726 414 792 ἐστι
438 726 475 792 ἐν
492 735 531 812 τῇ
550 728 639 812 χώρη
658 727 772 813 ταόιη,
790 735 837 815 τῷ
856 729 982 793 θύουσι
1001 729 1035 792 οί
1050 730 1125 794 τοίι

119 853 188 896 των
205 843 273 897 τῶν
292 833 426 918 ἀνδρῶν
445 829 501 897 ἀπ’
519 831 657 918 Ἀργεος
675 833 835 917 ἀπόγονοι
854 842 985 917 σωτῆρι.
1018 829 1125 917 οὗτος,

120 937 226 1004 ἐπείτε
251 937 410 1023 διέβησαν
431 938 466 1004 οί
485 940 674 1022 Τημενίδαι,
698 938 798 1023 μέγας
816 940 903 1005 οὕτω
923 939 1024 1024 ἐρρύη
1043 941 1125 1006 ὥστε

120 1045 200 1120 τοὺς
234 1043 349 1120 ίππέας
380 1044 424 1128 μή
453 1044 544 1120 οἵους
570 1067 605 1108 τε
632 1043 791 1127 γενέσθαι
819 1045 983 1129 διαβῆναι.
1029 1045 1064 1109 οί
1089 1042 1126 1111 δὲ

120 1149 315 1233 ἀπικόμενοι
329 1149 362 1226 ἐς
375 1151 479 1233 ἀλλην
492 1157 556 1233 γῆν
569 1159 627 1233 τῆς
640 1151 853 1234 Μακεδονίης
872 1155 1009 1234 οίκησαν
1027 1150 1127 1229 πέλας

120 1266 188 1319 τῶν
220 1256 335 1336 κήπων
362 1265 429 1319 τῶν
460 1253 649 1338 λεγομένων
681 1249 766 1319 εἶναι
798 1257 916 1320 Μίδεω
951 1264 1012 1321 τοῦ
1043 1259 1126 1342 Γορ

122 1362 211 1443 δίεω,
236 1359 272 1425 ἐν
294 1370 381 1425 τοῖσι
400 1361 518 1444 φύεται
537 1360 704 1445 αὐτόματα
723 1360 816 1446 ῥόδα,
835 1362 873 1426 ἓν
891 1360 1031 1427 ἕκαστον
1049 1365 1127 1448 έγον

121 1463 278 1550 ἑξήκοντα
310 1466 435 1550 φύλλα,
468 1465 552 1550 ὀδμῇ
584 1489 619 1531 τε
646 1465 876 1552 ὑπερφέροντα
909 1478 977 1533 τῶν
1008 1470 1126 1534 ἀλλων.

121 1573 159 1638 ἐν
181 1573 328 1637 τούτοισι
350 1569 405 1636 καὶ
424 1571 442 1636 ὀ
461 1573 606 1656 Σιληνὸς
623 1583 710 1637 τοῖσι
727 1575 860 1656 κήποισι
878 1574 957 1657 ήλω,
977 1574 1021 1650 ὡς
1039 1573 1127 1658 λέγε-

121 1701 176 1743 ται
199 1678 262 1742 ὑπὸ
281 1679 499 1742 Μακεδόνων.
524 1669 618 1764 ὀπδρ
642 1675 679 1742 δέ
702 1688 768 1742 τῶν
791 1681 906 1762 κήπων
927 1682 1005 1765 όρος
1022 1679 1128 1746 κέεται

121 1781 266 1868 Βέρμιον
290 1783 433 1867 οὔνομα,
462 1783 585 1866 ἀβατον
608 1783 672 1848 ὑπὸ
696 1793 864 1868 χειμῶνος.
910 1785 1068 1850 ἐνθεῦτεν
1091 1783 1128 1852 δέ

122 1889 325 1973 ὁρμώμενοι,
353 1888 398 1964 ὡς
420 1889 543 1972 ταύτην
566 1891 678 1973 ἔσχον,
706 1887 967 1974 κατεστρέφοντο
991 1891 1046 1957 καὶ
1067 1894 1128 1976 τήν

122 1997 227 2078 ἀλλην
254 1993 481 2075 Μακεδονίην.
527 1992 590 2058 ἀπὸ
622 1994 742 2058 τούτου
775 1995 816 2078 δή
845 2004 905 2060 τοῦ
930 1998 1119 2080 Περδίκκεω
1130 2016 1180 2064 139

121 2098 335 2184 Ἀλέξανδρος
349 2093 414 2162 ὧδε
429 2096 572 2181 ἐγένετο·
584 2092 746 2182 Ἀμύντεω
761 2111 837 2176 παῖς
850 2095 893 2184 ήν
902 2099 1127 2187 Ἀλέξανδρος,

120 2201 280 2290 Ἀμύντης
304 2200 341 2268 δέ
359 2201 525 2287 Ἀλκέτεω,
545 2198 698 2270 Ἀλκέτεω
723 2202 759 2270 δέ
781 2207 887 2291 πατήρ
906 2202 949 2290 ήν
964 2205 1128 2294 Ἀέροπος,

123 2319 184 2376 τοῦ
208 2307 245 2375 δέ
271 2312 443 2392 Φίλιππος,
470 2312 636 2375 Φιλίππου
660 2307 696 2375 δέ
715 2307 876 2396 Ἀργαῖος,
899 2321 962 2378 τοῦ
983 2310 1020 2378 δέ
1043 2319 1129 2398 Περ-

125 2417 239 2499 δίκκης
262 2415 280 2480 ὀ
303 2416 505 2499 κτησόμενος
527 2417 588 2499 τήν
611 2416 723 2502 ἀργήν.

121 2573 123 2578 ,
209 2518 377 2605 Ἰἀγεγόνεε
407 2517 468 2605 μέν
496 2522 536 2605 δή
565 2516 629 2587 ὧδε
654 2517 866 2610 Ἀλέξανδρος
898 2525 915 2590 ὀ
941 2520 1182 2610 Ἀμόντεω·14ο

125 2628 170 2704 ὡς
193 2623 230 2692 δέ
253 2627 385 2691 ἀπίκετο
409 2627 442 2704 ἐς
463 2629 521 2704 τὰς
540 2625 683 2712 Ἀθήνας
700 2629 930 2714 ἀποπεμφθεὶς
947 2632 1012 2696 ὑπὸ
1030 2636 1128 2715 Μαρ-
1145 2661 1165 2694 α

125 2735 255 2816 δονίου,
275 2735 365 2816 ἔλεγε
378 2732 470 2798 τάδε·
484 2732 622 2817 ’Ἀνδρες
636 2733 820 2828 Ἀθηναῖοι,
838 2737 1036 2817 Μαρδόνιος
1052 2737 1131 2802 τάδε

125 2839 228 2923 λέγει·
243 2835 335 2922 Ἐμοὶ
354 2838 487 2923 ἀγγελίη
506 2841 577 2923 ήκει
594 2842 682 2925 παρὰ
700 2839 851 2923 βασιλέος
869 2839 1012 2923 λέγουσα
1030 2842 1129 2907 οὕτω·

123 2941 334 3028 Ἀθηναίοισι
352 2947 409 3021 τὰς
417 2945 614 3031 ,ἁμαρτάδας
632 2947 689 3022 τὰς
707 2945 740 3022 ἐς
758 2944 813 3030 ἐμέ
831 2945 864 3024 ἐξ
883 2945 1019 3012 ἐκείνων
1037 2971 1130 3030 γενο-

125 3050 228 3136 μένας
255 3050 361 3128 πάσας
383 3055 521 3137 μετίημι.
566 3060 631 3116 νῦν
653 3075 688 3117 τε
711 3047 786 3134 ὦδε,
810 3054 999 3137 Μαρδόνιε,
1027 3056 1130 3119 ποίεε·

124 3165 226 3222 τοῦτο
251 3153 312 3242 μέν
334 3159 395 3240 τήν
417 3167 481 3242 γήν
504 3173 564 3242 σφι
587 3157 719 3239 ἀπόδος,
743 3166 841 3222 τοῦτο
865 3153 902 3223 δέ
924 3159 1028 3242 ἀλλην
1050 3160 1132 3243 πρὸς

125 3265 229 3350 ταύτῃ
253 3262 401 3329 ἑλέσθων
420 3264 525 3346 αὐτοί,
544 3264 661 3346 ήντινα
679 3262 721 3328 ἀν
739 3261 889 3346 ἐθέλωσι,
909 3263 1019 3342 ἐόντες
1037 3265 1131 3332 αότό-

127 3392 236 3452 νομοι.
283 3370 338 3454 ίρά
360 3392 395 3434 τε
421 3369 527 3434 πάντα
550 3385 625 3452 σφι,
655 3369 698 3453 ἣν
726 3370 767 3453 δή
790 3371 980 3453 βούλωνταί
998 3394 1037 3454 γε
1059 3371 1131 3456 ἐμοὶ

12 3557 13 3566 ¹
127 3474 334 3560 ὁμολογέειν,
363 3475 576 3559 ἀνόρθωσον,
605 3476 666 3541 ὅσα
696 3477 759 3561 ἐγὼ
788 3475 958 3559 ἐνέπρησα.
1003 3479 1130 3544 τούτων
