2678 3970
444 209 593 268 LIB.V11.
629 215 707 270 cAP.
726 221 848 272 29-35.
1080 220 1141 283 157

12 317 15 410 f
139 355 285 439 κήρυκας
311 354 345 432 ἐς
372 355 434 439 τήν
452 351 593 422 Ἑλλάδα
616 359 809 441 αἰτήσοντας
830 369 894 444 γήν
915 384 950 427 τε
972 361 1027 428 καὶ
1050 363 1142 448 ὕδωρ

12 479 14 482 ·
140 457 195 525 καὶ
216 458 436 546 προερέοντας
463 462 580 528 δεῖπνα
602 461 733 546 βασιλέι·
750 467 1020 550 παρασκευάζειν·
1056 470 1143 554 πλήν

140 565 217 631 οὔτε
245 565 279 642 ἐς
302 563 445 651 Ἀθήνας
473 567 548 633 ούτε
575 567 609 645 ἐς
635 570 868 654 Λακεδαίμονα
895 571 1060 658 ἀπέπεμπε
1089 573 1142 640 ἐπὶ

138 681 199 756 γής
227 677 370 756 αίτησιν,
398 681 437 758 τή
461 669 498 740 δέ
520 673 602 760 ἄλλη
625 674 740 761 πάντη.
784 677 890 742 τῶνδε
914 674 951 742 δὲ
974 679 1082 744 εἵνεκα
1103 682 1142 747 τὸ

139 778 298 863 δεύτερον
321 775 486 862 ἀπέπεμπε
509 776 561 844 ἐπὶ
583 788 647 864 γήν
669 803 704 845 τε
726 777 782 846 καὶ
803 781 909 867 ὕδωρ·
932 784 1005 849 ὅσοι
1026 788 1142 870 πρότε-

138 907 202 964 ρον
220 881 282 949 ούκ
293 885 415 951 ἔδοσαν
424 887 557 970 Δαρείιι
571 883 745 970 πέμψαντι,
759 888 898 964 τούτους
909 889 1017 974 πάγχυ
1031 890 1142 956 ἐδόκεε

136 992 212 1054 τότε
235 991 408 1068 δείσαντας
430 991 564 1056 δώσειν·
587 993 790 1076 βουλόμενος
810 989 858 1058 ὦν
877 993 957 1059 αὐτὸ
975 1004 1072 1060 τοῦτο
1091 995 1141 1062 ἐκ-

137 1101 261 1180 μαθεῖν
286 1092 470 1181 [ἀκριβέως]
496 1095 623 1180 ἔπεμπε.

226 1201 322 1266 Μετδι
339 1197 493 1268 δὲταῦτα
505 1203 761 1286 παρεσκευάζετο
780 1203 825 1280 ὡς
839 1204 923 1271 ἐλῶν
936 1205 970 1284 ἐς
982 1203 1139 1290 Ἀβυδον.
1158 1226 1193 1275 33

137 1306 173 1372 οί
200 1302 237 1374 δέ
264 1305 302 1372 ἐν
327 1307 433 1395 τούτῳ
455 1308 515 1372 τὸν
533 1303 777 1392 Ἑλλήσποντον
804 1309 1003 1395 ἐζεύγνυσαν
1026 1311 1062 1378 ἐκ
1083 1322 1141 1397 τῆς

134 1409 244 1496 Ἀσίης
266 1411 300 1490 ἐς
320 1413 382 1496 τήν
404 1413 580 1498 Εὐρώπην.
621 1417 690 1480 ἔστι
714 1411 751 1480 δέ
772 1423 830 1500 τής
851 1419 1066 1502 Χερσονήσου
1083 1427 1141 1502 τῆς

136 1519 174 1585 ἐν
192 1515 433 1608 Ἑλλησπόντῳ,
456 1523 591 1604 Σηστοῦ
612 1542 648 1585 τε
670 1523 785 1599 πόλιος
806 1521 926 1606 μεταξὺ
948 1520 1003 1588 καὶ
1020 1525 1140 1589 Μαδύ-

135 1647 207 1708 του,
230 1623 309 1708 ἀκτή
332 1623 436 1710 παχέα
459 1625 493 1703 ἐς
514 1624 688 1692 θάλασσαν
709 1629 895 1710 κατήκουσα
915 1622 1041 1717 Ἀβύδῳ
1064 1619 1139 1694 κατ·
1176 1619 1178 1628 x

136 1733 266 1814 αντίον,
294 1734 380 1797 ἔνθα
406 1732 486 1816 μετὰ
512 1739 629 1815 ταῦτα,
657 1734 766 1820 χρόνῳ
788 1733 930 1819 ὕστερον
953 1734 994 1800 οὐ
1016 1740 1138 1824 πολλῷ,

12 1893 13 1896 ,
136 1833 189 1902 ἐπὶ
212 1836 413 1911 Ξανθίππου
435 1845 496 1902 τοῦ
515 1833 713 1922 Ἀρίφρονος
735 1847 920 1924 στρατηγοῦ
939 1835 1138 1923 Ἀθηναίων,

12 1925 19 1956 '
132 1937 333 2026 Ἀρταΰκτην
360 1943 467 2028 ἀνδρα
489 1941 626 2027 Πέρσην
652 1945 809 2027 λαβόντες
832 1948 967 2028 Σηστοῦ
988 1945 1138 2031 ὕπαρχον

137 2051 241 2126 ζῶντα
271 2047 354 2133 πρὸς
385 2049 506 2113 σανίδα
534 2048 831 2132 διεπασσάλευσαν,
864 2049 901 2126 ὃς
932 2047 986 2115 καὶ
1014 2051 1047 2128 ἐς
1077 2061 1138 2118 τοῦ

135 2156 353 2239 Πρωτεσίλεω
375 2153 413 2218 τὸ
437 2153 512 2237 ίρδν
530 2151 563 2230 ἐς
582 2147 776 2219 Ἐλαιοῦντα
794 2154 1006 2239 ἀγινεόμενος
1024 2168 1138 2238 γυναῖ-

134 2282 194 2335 κας
212 2256 374 2343 ἀθέμιστα
393 2259 502 2343 [ἔργα]
520 2257 661 2344 ἔρδεσκε.
698 2259 731 2336 ἐς
747 2259 872 2344 ταύτην
891 2255 939 2326 ὧν
955 2261 1017 2345 τήν
1035 2261 1138 2347 ἀκτήν
1155 2281 1191 2330 34

135 2363 168 2444 ἐξ
183 2361 326 2448 Ἀβύδου
342 2363 529 2450 ὁρμώμενοι
547 2363 734 2450 ἐγεφύρουν
751 2375 838 2431 τοῖσι
855 2363 1057 2453 προσέκειτο,
1075 2370 1137 2454 τήν

12 2483 14 2490 “
134 2469 195 2556 μέν
217 2475 412 2536 λευκολίνου
437 2473 604 2552 Φοίνικες,
626 2471 688 2554 τήν
710 2468 747 2537 δὲ
769 2475 933 2556 βυβλίνην
951 2474 1136 2557 Αἰγύπτιοι.

106 2657 110 2662 .
134 2578 204 2642 ἔστι
226 2571 263 2640 δέ
287 2574 512 2641 ἕπτάστάδιοι
534 2572 567 2652 ἐξ
587 2570 729 2658 Ἀβύδου
747 2575 782 2653 ἐς
797 2576 859 2660 τήν
878 2575 1046 2644 ἀπαντίον.
1082 2577 1136 2644 καί

135 2683 176 2766 δή
203 2679 400 2766 ἐζευγμένου
426 2688 486 2746 τοῦ
513 2682 619 2766 πόρου
641 2680 871 2767 ἐπιγενόμενος
893 2683 1014 2767 χειμών
1036 2681 1137 2767 μέγας

134 2786 299 2866 συνέκοψέ
318 2810 353 2852 τε
375 2785 484 2853 ἐκεῖνα
503 2785 610 2852 πάντα
627 2783 682 2851 καὶ
700 2786 841 2852 διέλυσε.
878 2787 923 2862 ὡς
940 2783 971 2850 δ’
993 2787 1135 2852 ἐπύθετο
1154 2807 1189 2856 35

12 2891 14 2898 ’
132 2891 266 2980 Ξέρξης,
294 2892 387 2958 δεινά
413 2891 608 2976 ποιεύμενος
633 2892 692 2958 τὸν
715 2887 959 2975 Ἑλλήσποντον
987 2890 1135 2958 ἐκέλευσε

18 3033 20 3040 ·
131 3001 322 3085 τριηκοσίας
349 2994 520 3064 ἐπικέσθαι
543 2997 674 3082 μάστιγι
700 2998 827 3081 πληγὰς
853 2993 908 3061 καὶ
934 3007 1080 3064 κατεῖναι
1102 2999 1136 3076 ἐς

132 3105 169 3170 τὸ
200 3102 342 3188 πέλαγος
372 3101 499 3168 πεδέων
530 3105 649 3185 ζεῦγος.
694 3103 758 3186 ήδη
786 3099 824 3168 δὲ
850 3103 976 3186 ήκουσα
1006 3104 1050 3180 ὡς
1080 3103 1135 3170 καὶ

19 3231 22 3238 ·
133 3209 262 3294 στιγέας
291 3209 357 3294 άμοι
383 3209 530 3274 τούτοισι
558 3207 725 3292 ἀπέπεμψε
753 3207 923 3286 στίξοντας
944 3209 1004 3274 τόν
1022 3205 1135 3294 Ἑλλή-

132 3333 287 3382 σποντον.
332 3313 515 3382 ἐνετέλλετο
549 3310 586 3380 δὲ
618 3308 665 3379 ών
692 3312 887 3398 ῥαπίζοντας
916 3313 1024 3398 λέγειν
1055 3316 1135 3401 βάρ-

132 3421 217 3510 βαρά
247 3445 282 3488 τε
313 3418 368 3486 καὶ
400 3419 584 3486 ἀτάσθαλα·
612 3409 651 3484 Ὠ
681 3419 801 3506 πικρὸν
832 3419 942 3506 ὕδωρ,
973 3421 1134 3508 δεσπότης
