2640 3960
376 273 443 328 mn.
457 274 490 328 v.
527 273 603 328 οεε.
623 281 665 341 οι,
684 275 768 346 ο-ε.
1035 275 1080 340 49

67 414 106 482 δέ
129 418 313 502 παραδιδοῖ
327 426 373 506 τςό
392 416 546 506 δευτέρῳ,
565 417 584 482 6
605 415 641 482 δὲ
659 426 704 506 τῷ
722 421 830 507 τρίτῳ.
863 420 949 484 οὕτω
969 421 1010 502 δὴ
1030 422 1081 485 δι-

67 523 192 606 εξῆλθε
215 523 270 587 διά
292 523 425 588 πάντων
447 535 515 588 τῶν
538 522 617 588 δέκα
639 525 916 609 παραδιδόμενον,
940 525 1081 603 οὐδενὸς

68 627 279 713 βουλομένου
312 629 562 713 διεργάσασθαι.
612 629 792 706 ἀποδόντες
823 654 871 694 ιιν
903 631 1006 696 ὀπίσω
1038 640 1079 716 τη

68 735 210 819 τεκούσῃ
235 735 271 798 τὸ
294 737 430 800 παιδίον
452 733 507 800 καὶ
531 733 721 813 ἐξελθόντες
744 733 820 817 ἔξω,
851 733 1003 813 ἑστεῶτες
1026 735 1079 802 ἐπὶ

67 851 137 904 τῶν
158 838 296 925 θυρέων
313 837 464 923 ἀλλήλων
482 840 625 905 ἅπτοντο
643 841 893 923 καταιτιώμενοι
911 839 966 904 καὶ
985 842 1080 925 μάλι·

68 964 131 1012 στα
157 953 218 1010 τοῦ
249 945 382 1029 πρώτου
409 946 583 1027 λαβόντος,
612 944 663 1008 ὅτι
690 944 752 1010 οὐκ
777 944 910 1028 ἐποίησε
936 949 1017 1012 κατά
1038 949 1081 1011 τά

69 1050 271 1134 δεδογμένα,
304 1049 338 1125 ές
368 1049 386 1114 6
419 1050 461 1132 δή
494 1066 554 1133 σφι
585 1053 709 1136 χρόνον
743 1050 959 1136 ἐγγινομένου
987 1051 1081 1131 ἔδοξε

69 1155 164 1235 αὖτις
186 1159 417 1241 παρελθόντας
439 1156 565 1232 πάντας
585 1165 646 1220 τοῦ
670 1160 779 1240 φόνου
802 1162 974 1244 μετίσχειν.
1011 1159 1117 1224 έδεισ

69 1261 107 1329 δὲ
125 1264 163 1330 ἐκ
180 1271 241 1328 τοῦ
256 1257 431 1338 Ἠετίωνος
449 1264 552 1345 γόνου
570 1265 732 1350 Κορίνθῳ
750 1266 834 1330 κακά
851 1265 1080 1348 ἀναβλαστεῖν.

67 1369 89 1452 ἡ
107 1369 229 1449 Λάβδα
251 1369 314 1452 γάρ
337 1367 443 1433 πάντα
461 1376 563 1432 ταῦτα
581 1369 682 1451 ἤκουε
700 1366 843 1435 ἑστεῶσα
860 1372 943 1456 πρὸς
961 1371 1080 1456 αὐτῇσι

71 1483 148 1560 τῇσι
170 1475 312 1560 θόρησι·
335 1475 472 1539 δείσασα
495 1471 532 1539 δέ
551 1477 594 1559 μή
613 1491 673 1558 σφι
692 1475 852 1562 μεταδόξῃ
876 1476 930 1542 καί
947 1479 985 1542 τὸ
1004 1479 1082 1543 δεύ-

68 1604 169 1667 τερον
187 1583 345 1663 λαβόντες
361 1582 399 1644 τὸ
418 1581 554 1645 παιδίον
572 1579 799 1665 ἀποκτείνωσι,
818 1581 968 1668 φέρουσα
981 1607 1082 1648 κατα-

68 1687 207 1773 κρύπτει
238 1685 273 1762 ἐς
302 1687 339 1750 τὸ
371 1685 622 1771 ἀφραστότατόν
655 1687 690 1750 οί
719 1687 873 1771 ἐφαίνετο
906 1684 1008 1771 εἶναι,
1045 1688 1081 1765 ἐς

68 1791 233 1875 κυψέλην,
262 1791 459 1876 ἐπισταμένη
483 1792 528 1868 ὡς
551 1793 582 1857 εί
603 1792 867 1876 ὑποστρέψαντες
890 1794 923 1871 ές
946 1797 1080 1878 ζήτησιν

69 1899 297 1980 ἀπικνεοίατο,
330 1897 436 1963 πάντα
468 1897 659 1982 ἐρευνήσειν
691 1897 854 1982 μέλλοιεν·
887 1901 927 1964 τά
955 1901 996 1984 δη
1023 1898 1078 1965 καὶ

69 2004 210 2088 ἐγένετο.
252 2003 430 2069 ἐσελθοῦσι
453 2000 491 2068 δέ
507 2002 563 2069 καὶ
586 2003 788 2088 διζημένοισι
807 2005 937 2070 αὐτοῖσι
954 2006 999 2082 ὡς
1017 2007 1081 2072 οὐκ

70 2112 237 2195 ἐφαίνετο,
261 2109 372 2175 ἐδόκεε
394 2109 665 2175 ἀπαλλάσσεσθαι
687 2107 742 2174 καί
764 2107 874 2193 λέγειν
896 2113 979 2196 πρὸς
999 2114 1081 2190 τοὺς

69 2215 327 2300 ἀποπέμψαντας
353 2216 400 2292 ὡς
425 2216 531 2281 πάντα
557 2219 730 2299 ποιήσειαν
756 2217 796 2281 τά
819 2215 939 2282 ἐκεῖνοι
961 2217 1079 2284 ἐνετεί-

70 2328 182 2387 λαντο.
225 2321 260 2385 οί
280 2317 341 2405 μὲν
365 2323 406 2404 δη
430 2321 630 2398 ἀπελθόντες
653 2324 768 2404 ἔλεγον
790 2331 906 2387 ταῦτα·
925 2320 1077 2390 Ἠετίωνι
1095 2351 1110 2388 ε

70 2427 108 2493 δέ
140 2428 220 2512 μετὰ
251 2435 353 2492 ταῦτα
380 2427 398 2492 6
425 2438 502 2504 παῖς
527 2426 703 2511 ηὐξάνετο,
736 2431 794 2492 καί
819 2429 854 2493 οί
879 2430 1079 2514 διαφυγόντι

69 2542 191 2599 τοῦτον
228 2534 287 2598 τὸν
322 2534 484 2599 κίνδυνον
520 2534 583 2599 ἀπὸ
619 2543 676 2618 τῆς
712 2532 855 2617 κυψέλης
886 2534 1080 2621 ἐπωνυμίην

70 2641 226 2717 Κύψελος
248 2639 377 2723 οὕνομα
400 2639 507 2723 ἐτέθη.
552 2639 760 2724 ἀνδρωθέντι
783 2637 820 2704 δέ
842 2638 897 2705 καὶ
919 2662 1080 2724 μαντευο-

72 2746 161 2833 μένῳ
180 2743 323 2832 Κυψέλῳ
347 2744 476 2827 ἐγένετο
500 2745 695 2829 ἀμφιδέξιον
715 2747 916 2831 χρηστήριον
939 2745 975 2810 ἐν
993 2751 1079 2810 Δελ-

71 2863 180 2936 φοῖσι,
208 2858 253 2938 τῷ
280 2854 420 2928 πίσυνος
446 2854 624 2935 γενόμενος
651 2849 841 2936 ἐπεχείρησέ
865 2873 900 2915 τε
926 2847 982 2914 καὶ
1004 2852 1080 2933 ἔσχε

72 2960 255 3043 Κόρινθον.
301 2957 319 3022 6
343 2952 380 3021 δέ
402 2959 547 3042 χρησμὸς
569 2958 626 3022 όδε
647 2953 704 3039 ἦν·

114 3064 248 3147 Ὄλβιος
271 3057 368 3139 οὗτος
390 3063 474 3148 ἀνὴρ
498 3063 534 3139 δς
557 3062 637 3147 ἐμὸν
661 3064 767 3147 δόμον
790 3061 1032 3145 ἐσκαταβαίνει,

114 3170 271 3247 Κύψελος
289 3166 453 3252 Ἠετίδης,
477 3171 631 3252 βασιλεὺς
653 3174 794 3234 κλειτοῖο
817 3170 1009 3254 Κορίνθου,

116 3276 228 3352 Αὐτὸς
250 3273 305 3340 καί
327 3277 456 3357 παῖδες,
479 3277 608 3340 παίδων
630 3298 668 3357 γε
691 3271 751 3358 μὲν
775 3273 884 3340 οὐκέτι
905 3275 1030 3351 παῖδες.

74 3383 109 3446 τὸ
138 3379 201 3466 μὲν
234 3382 275 3465 δὴ
305 3384 504 3467 χρηστήριον
532 3390 630 3446 τοῦτο
658 3375 715 3463 ἦν,
743 3382 967 3465 τυραννεύσας
993 3378 1031 3446 δέ
1058 3380 1078 3446 6

76 3488 229 3565 Κύψελος
255 3495 405 3564 τοιοῦτος
432 3489 473 3570 δή
501 3510 550 3564 τις
573 3485 657 3569 ἀνὴρ
681 3484 825 3569 ἐγένετο·
851 3489 994 3563 πολλοὺς
1016 3482 1080 3570 μὲν

126 3601 224 3640 maon.
239 3599 271 3641 11.
849 3597 867 3646 4
