2678 3968
433 261 589 317 LIB.V111.
627 262 703 318 cAP.
724 269 844 317 36-41.
1076 260 1141 325 269

135 404 271 480 ὁπλίτας
302 403 439 489 μέζονας
466 405 486 489 ἢ
514 407 596 471 κατὰ
623 405 814 490 ἀνθρώπων
842 407 946 489 φύσιν
975 389 1141 491 [ἔχοντας]

136 510 280 576 ἕπεσθαί
306 526 367 596 σφι
401 515 590 588 κτείνοντας
621 511 676 576 καὶ
705 513 893 588 διώκοντας.
939 513 1078 589 τούτους
1105 508 1142 576 δὲ
1161 547 1194 596 39

135 619 215 694 τοὺς
250 617 312 682 δύο
344 615 474 702 Δελφοὶ
506 618 640 702 λέγουσι
679 612 764 683 εἶναι
797 618 991 703 ἐπιχωρίους
1021 620 1141 704 ήρωας,

139 723 297 788 Φύλακόν
319 746 354 788 τε
376 722 431 788 καὶ
455 724 645 807 Αὐτόνοον,
668 735 735 789 τῶν
757 726 798 788 τὰ
819 722 954 809 τεμένεα
977 723 1045 788 ἐστι
1067 721 1142 808 περὶ

135 831 174 893 τὸ
194 830 279 913 ίρόν,
291 829 457 895 1Φυλόκου
476 827 536 914 μὲν
554 829 631 915 παρ’
655 831 759 914 αὐτήν
777 832 837 914 τήν
857 830 938 895 ὑδὸν
956 830 1142 913 κατύπερθε

7 941 10 960 '
135 944 198 1000 τοῦ
217 936 292 1020 ἱροῦ
309 944 367 1019 τῆς
381 939 562 1020 Προνηίης,
581 937 758 1003 Αὐτονόου
776 932 813 1002 δέ
831 935 931 1011 πέλας
942 943 1000 1018 τῆς
1013 938 1142 999 Καστα-

137 1044 210 1125 λίης
238 1042 303 1106 ὑπὸ
335 1050 374 1126 τῇ
397 1038 550 1128 Ὑαμπείῃ
578 1051 719 1128 κορυφή.
766 1043 801 1107 οί
826 1039 863 1107 δὲ
894 1044 1049 1117 πεσόντες
1078 1039 1141 1105 ἀπὸ

135 1156 198 1212 τοῦ
226 1152 430 1232 Παρνησσοῦ
461 1151 554 1214 λίθοι
584 1152 631 1214 ἔτι
662 1147 717 1214 καὶ
749 1148 783 1225 ές
813 1147 914 1232 ἡμέας
944 1143 1030 1230 ήσαν
1058 1148 1141 1228 σόοι,

137 1253 173 1320 έν
207 1262 251 1341 τῷ
282 1253 411 1338 τεμένει·
434 1263 491 1338 τῆς
519 1258 689 1340 Προνηίης
713 1249 893 1338 Ἀθηναίης
918 1256 1079 1338 κείμενοι,
1109 1252 1143 1328 ές

136 1360 175 1424 τὸ
199 1359 383 1443 ἐνέσκηψαν
412 1361 467 1424 διδι
489 1372 556 1426 τῶν
579 1362 758 1446 βαρβάρων
781 1363 969 1446 φερόμενοι.
1014 1361 1142 1424 τούτων

135 1463 200 1547 ,μέν
230 1490 296 1531 νυν
323 1475 391 1530 τῶν
417 1465 551 1552 ἀνδρῶν
579 1468 660 1556 αὕτη
690 1465 753 1531 ἀπὸ
780 1475 841 1531 τοῦ
869 1467 945 1552 ίροῦ
971 1465 1141 1548 ἀπαλλαγὴ

139 1574 273 1654 γίνεται.
907 1623 912 1632 ,

7 1753 8 1762 ¹
223 1673 265 1741 ‘0
285 1678 341 1744 ΔΕ
361 1675 528 1763 Ἑλλήνων
551 1679 707 1754 ναυτικὸς
725 1679 862 1763 στρατὸς
880 1677 943 1743 ἀπὸ
961 1687 1022 1743 τοῦ
1036 1673 1142 1758 Ἀρτε-
1160 1712 1195 1761 40

7 1789 9 1836 ἲ
139 1786 253 1867 μισιόυ
267 1780 455 1866 Ἀθηναίων
475 1782 665 1867 δεηθέντων
684 1782 718 1859 ἐς
731 1787 906 1868 Σαλαμῖνα
924 1787 1068 1868 κατίσχει
1085 1785 1143 1860 τὰς

139 1887 224 1966 νέας.
274 1890 379 1954 τῶνδε
412 1885 448 1954 δέ
476 1890 585 1954 εἵνεκα
611 1889 886 1974 προσεδεήθησαν
913 1889 1024 1955 αὐτῶν
1051 1899 1142 1973 σχεῖν

139 1997 222 2078 πρὸς
248 1999 424 2080 Σαλαμῖνα
448 1992 635 2078 Ἀθηναῖοι,
668 1995 724 2059 ἵνα
756 1993 851 2059 αὐτοὶ
877 1996 997 2072 παϊδός
1022 2019 1057 2061 τε
1087 1993 1143 2060 καί

138 2109 300 2182 γυναῖκας
320 2101 589 2185 ὑπεξαγάγωνται
612 2099 648 2164 έκ
670 2107 727 2183 τής
746 2093 900 2184 Ἀττικής,
922 2101 1005 2186 πρὸς
1028 2098 1065 2167 δὲ
1088 2100 1142 2167 καὶ

141 2206 387 2288 βουλεύσωνται
404 2207 441 2271 τὸ
459 2205 615 2289 ποιητέον
633 2205 764 2270 αὑτοῖσι
783 2208 881 2270 ἔσται.
914 2205 967 2271 έπὶ
979 2208 1043 2292 γὰρ
1056 2217 1143 2273 τοῖσι

141 2312 319 2393 κατήκουσι
349 2314 517 2396 πρήγμασι
548 2311 675 2394 βουλήν
706 2313 843 2395 ἔμελλον
872 2314 1071 2396 ποιήσεσθαι
1098 2313 1143 2389 ὡς

141 2415 338 2500 ἐψευσμένοι
355 2420 497 2503 γνώμης.
531 2416 703 2494 δοκέοντες
719 2419 782 2504 γὰρ
801 2418 954 2504 εὑρήσειν
973 2422 1142 2485 Πελοπον-

141 2525 280 2605 νησίους
304 2521 468 2609 πανδημεὶ
494 2523 531 2590 έν
557 2532 597 2609 τῇ
620 2527 763 2609 Βοιωτίη
789 2521 1057 2610 ὑποκατημένους
1082 2526 1143 2588 τὸν

142 2629 327 2715 βόρβορον,
354 2639 420 2694 τῶν
447 2625 508 2713 μὲν
531 2623 632 2714 εὗρον
659 2625 759 2694 οὐδέν
782 2629 853 2712 ἐόν,
882 2630 917 2695 ολ
938 2626 974 2694 δὲ
997 2629 1143 2693 ἐπυνθά-

141 2757 242 2799 νοντο
269 2735 329 2799 τὸν
352 2732 489 2818 Ἰσθμὸν
516 2734 637 2812 αὐτοὺς
663 2733 861 2819 τειχέοντας,
888 2735 950 2817 τήν
973 2735 1142 2798 Πελοπόν-

12 2895 13 2899 ,
141 2857 248 2925 νησον
284 2838 359 2926 περὶ
393 2843 548 2907 πλείστου
578 2863 613 2906 τε
649 2839 866 2924 ποιευμένους
896 2849 1058 2922 περιεῖναι
1088 2837 1143 2902 καὶ

13 2967 14 2970 ’
142 2948 266 3030 ταὺτην
285 2949 419 3031 ἔχοντας
437 2945 474 3011 έν
492 2951 635 3031 φυλακή,
653 2947 693 3010 τὺ
711 2947 794 3010 ἄλλα
813 2942 850 3010 δὲ
868 2944 1007 3010 ἀπιέναι.
1041 2951 1143 3008 ταῦτα

142 3055 394 3137 πυνθανόμενοι
427 3051 513 3117 οὑτω
542 3053 583 3134 δή
610 3051 885 3136 προσεδεήθησαν
912 3066 1025 3134 σφεων
1053 3060 1144 3134 σχεῖν

143 3159 227 3244 πρὸς
245 3159 307 3242 τήν
330 3162 513 3242 Σαλαμῖνα.
549 3158 585 3222 οί
604 3153 665 3240 μέν
684 3157 725 3238 δή
744 3157 838 3220 όίλλοι
856 3155 1014 3240 κατέσχον
1033 3156 1066 3232 ές
1083 3159 1144 3239 τήν
1163 3174 1192 3223 41

144 3269 329 3348 Σαλαμῖνα,
348 3260 523 3346 Ἀθηναῖοι
546 3259 583 3327 δὲ
606 3261 640 3338 ές
661 3263 722 3344 τήν
745 3260 885 3326 ἑωυτῶν.
922 3262 1001 3345 μετὺ
1025 3258 1062 3326 δὲ
1083 3263 1145 3346 τήν

145 3369 255 3447 ἄπιξιν
276 3371 427 3453 κήρυγμα
450 3368 656 3452 ἐποιήσαντο,
677 3364 865 3450 Ἀθηναίων
882 3375 921 3452 τή
939 3391 988 3445 τις
1006 3368 1146 3434 δύναται

145 3476 261 3553 σώζειν
292 3474 390 3540 τέκνα
421 3497 456 3540 τε
485 3471 644 3552 καὶτοὺς
671 3472 806 3551 οἰκέτας.
851 3473 998 3539 ἐνθαῦτα
1025 3475 1060 3540 ολ
1083 3470 1145 3556 μὲν
