2678 3968
232 225 297 288 320
648 225 834 286 HERODO‘H

231 370 375 452 πόλεμον
397 370 543 453 ἀχρηστα
566 369 719 436 οἰκετέων
742 370 881 455 ἐχόμενα
903 371 1008 436 πάντα
1027 368 1232 454 ἐπιθρέψειν,

232 468 297 538 ἐστ’
318 472 360 538 ἀν
378 473 396 540 ό
415 478 557 560 πόλεμος
575 477 632 541 ὅδε
650 479 843 562 συνεστήκῃ.
874 472 958 560 μηδὲ
975 474 1077 560 ὑμέας
1086 474 1233 554 Ἀλέξαν-

232 581 311 663 δρος
342 579 360 645 ὁ
388 581 555 646 Μακεδὼν
582 581 774 667 ἀναγνώσῃ,
803 583 922 664 λεήνας
947 583 1007 646 τὸν
1035 582 1233 665 Μαρδονίου

231 687 342 767 λόγον.
382 687 488 773 τούτῳ
516 682 576 771 μέν
598 687 661 769 γάρ
683 695 786 753 ταῦτα
808 685 944 770 ποιητέα
966 686 1048 752 ἐστί·
1070 687 1234 771 τύραννος

230 792 294 874 γάρ
323 790 388 856 ἐὼν
418 792 572 878 τυράννῳ
602 793 907 876 συγκατεργάζεται·
943 791 1022 876 ὑμίν
1055 790 1095 857 δέ
1124 816 1162 875 γε
1193 793 1234 858 οὑ

230 896 376 980 ποιητέα,
395 902 428 962 εί
437 919 498 980 περ
517 891 555 961 εὑ
572 897 748 981 τυγχάνετε
762 896 972 982 φρονέοντες,
991 897 1235 982 ἐπισταμένοισι

231 1002 276 1078 ὡς
305 1002 505 1085 βαρβάροισί
524 1001 594 1068 ἐστι
621 1003 697 1068 οὔτε
723 1005 841 1068 πιστὸν
869 1004 945 1068 οὔτε
975 999 1098 1086 ἀληθές
1125 1003 1234 1069 οὐδέν.

181 1124 231 1174 143
240 1116 342 1172 ταῦτα
379 1106 492 1185 ἔλεξαν
524 1108 560 1172 οί
592 1109 734 1190 ἀγγελοι.
782 1105 954 1191 Ἀθηναῖοι
986 1103 1023 1172 δέ
1057 1109 1140 1192 πρὸς
1174 1106 1235 1194 μὲν

228 1210 445 1296 Ἀλέξανδρον
475 1212 693 1298 ὑπεκρίναντο
725 1215 816 1278 τάδε·
848 1212 915 1278 Καὶ
947 1211 1042 1278 αὑτοὶ
1071 1217 1170 1280 τοῦτό
1197 1239 1236 1298 γε

232 1317 434 1403 ἐπιστάμεθα
461 1319 512 1384 ότι
538 1321 766 1402 πολλαπλησίη
793 1316 863 1384 ἐστὶ
889 1327 934 1407 τῷ
957 1320 1067 1406 Μήδῳ
1095 1321 1236 1404 δύναμις

231 1424 252 1508 ή
275 1445 336 1508 περ
358 1424 448 1508 ἡμῖν,
471 1425 555 1489 ὥστε
578 1421 678 1490 οὐδὲν
702 1426 755 1490 δεῖ
769 1427 867 1490 τοῦτό
884 1449 923 1508 γε
941 1425 1123 1504 ὀνειδίζειν.
1158 1423 1230 1491 ἀλλ’

232 1531 320 1614 ὅμως
351 1529 543 1614 ἐλευθερίης
570 1533 761 1615 γλιχόμενοι
789 1529 1004 1614 ἀμυνεύμεθα
1036 1531 1121 1596 οὑτω
1152 1532 1236 1609 ὅκως

232 1635 274 1700 ἀν
301 1633 356 1700 καί
384 1636 572 1720 δυνώμεθα.
616 1635 817 1720 ὁμολογήσαι
845 1632 882 1700 δέ
908 1644 953 1724 τῷ
976 1637 1133 1724 βαρβάρῳ
1156 1641 1235 1722 μήτε

233 1744 276 1806 σὺ
293 1740 394 1826 ήμέας
411 1752 513 1826 πειρῶ
532 1741 726 1808 ἀναπείθειν
745 1743 821 1807 οὔτε
838 1740 932 1825 ἡμεῖς
948 1745 1139 1827 πεισόμεθα.
1171 1752 1234 1808 νῦν

232 1870 267 1912 τε
294 1847 475 1930 ἀπάγγελλε
501 1849 688 1935 Μαρδονίῳ
715 1848 760 1924 ὡς
784 1842 956 1930 Ἀθηναῖοι
983 1846 1131 1931 λέγουσι,
1165 1842 1232 1913 ἐστ’

232 1950 275 2018 ἀν
303 1953 321 2018 ὁ
349 1953 442 2036 ήλιος
463 1954 524 2037 τήν
547 1953 651 2036 αὑτήν
674 1953 755 2019 ὁδὸν
783 1959 816 2038 ίη
839 1961 961 2040 τῇπερ
984 1952 1039 2018 καί
1060 1962 1124 2019 νῦν
1147 1957 1236 2040 ἔρχε-

232 2082 297 2141 ται,
320 2061 440 2142 μήκοτε
463 2059 681 2144 ὁμολογήσειν
703 2058 804 2142 ήμέας
826 2058 945 2145 Ξέρξη·
968 2059 1050 2125 ἀλλά
1071 2063 1187 2125 θεοῖσί
1201 2083 1236 2125 τε
1310 2129 1311 2132 ,

234 2166 433 2249 συμμάχοισι
455 2168 594 2232 πίσυνοί
608 2189 666 2249 μιν
689 2163 838 2249 ἐπέξιμεν
857 2165 1060 2250 ἀμυνόμενοι
1077 2164 1131 2231 καί
1149 2177 1236 2232 τοῖσι

233 2271 349 2352 ἥρωσι,
371 2282 439 2336 τῶν
462 2272 586 2348 ἐκεῖνος
604 2271 763 2355 οὐδεμίαν
782 2273 859 2336 όπιν
878 2274 963 2356 ἔχων
981 2271 1140 2358 ἐνέπρησε
1158 2273 1237 2349 τούς

151 2447 156 2456 ¹
233 2397 268 2439 τε
292 2381 403 2451 οίκους
424 2374 478 2441 καί
501 2379 541 2442 τὰ
563 2377 740 2461 ἀγάλματα.
777 2378 820 2442 σύ
837 2399 872 2442 τε
894 2387 954 2443 τοῦ
976 2383 1094 2443 λοιποῦ
1117 2381 1237 2462 λόγους

234 2483 317 2565 ἔχων
340 2482 493 2546 τοιούσδε
516 2483 559 2565 μή
583 2482 755 2565 ἐπιφαίνεο
771 2480 989 2566 Ἀθηναίοισι,
1008 2480 1090 2568 μηδὲ
1109 2482 1238 2549 δοκέων

233 2589 357 2672 χρηστά
379 2586 577 2671 ὑπουργέειν
599 2585 761 2672 ἀθέμιστα
784 2587 894 2673 ἔρδειν
911 2593 1076 2673 παραίνεε.
1113 2589 1155 2654 οὐ
1172 2590 1238 2674 γάρ

233 2711 271 2760 σε
302 2695 493 2777 βουλόμεθα
526 2690 626 2758 οὐδὲν
658 2695 756 2779 ἀχαρι
782 2695 864 2778 πρὸς
888 2690 1076 2779 Ἀθηναίων
1102 2701 1237 2778 παθεῖν,

182 2800 340 2868 144ἐόνια
361 2797 536 2882 πρόξεινόν
558 2822 593 2865 τε
615 2798 670 2864 καὶ
693 2802 802 2883 φίλον.
838 2801 921 2884 πρὸς
942 2797 1003 2885 μέν
1020 2795 1238 2884 Ἀλέξανδρον

232 2915 335 2972 ταῦτα
357 2905 588 2989 ὑπεκρίναντο,
611 2907 693 2989 πρὸς
716 2902 753 2970 δέ
774 2907 853 2981 τοὺς
875 2905 939 2971 ἀπὸ
963 2906 1119 2990 Σπάρτης
1141 2905 1239 2989 ἀγγέ-

233 3018 313 3090 λους
333 3012 426 3078 τάδε·
454 3012 499 3077 To
523 3007 583 3095 μέν
610 3012 717 3076 δεῖσαι
739 3012 1024 3094 Λακεδαιμονίους
1051 3012 1095 3094 μή
1120 3011 1239 3096 ὁμολο-

232 3121 385 3201 γήσωμεν
415 3125 460 3205 τῷ
493 3117 650 3204 βαρβάρῳ
681 3116 783 3200 κάρτα
814 3115 1032 3201 ἀνθρωπήιον
1058 3111 1111 3198 ήν.
1156 3117 1239 3202 ἀτάρ

233 3225 375 3307 αίσχρῶς
401 3246 439 3306 γε
471 3227 579 3287 οίκατε
607 3221 850 3306 ἐξεπιστάμενοι
876 3224 913 3287 τὸ
940 3217 1128 3304 Ἀθηναίων
1156 3227 1239 3307 φρό-

231 3351 320 3411 νημα
347 3327 553 3412 ἀρρωδῆσαι,
579 3328 629 3394 ότι
653 3329 728 3393 οὑτε
750 3329 872 3412 χρυσός
896 3327 964 3394 ἐστι
985 3337 1045 3411 γῆς
1068 3328 1239 3413 οὐδαμόθι

231 3441 389 3508 τοσοῦτος
402 3434 478 3498 οὑτε
491 3434 581 3516 χάρη
595 3434 708 3498 κάλλει·
719 3432 773 3499 καί
788 3433 886 3518 ἀρετή
898 3432 980 3517 μέγα
991 3433 1239 3516 ὑπερφέρουσα.
