2678 3968
199 228 265 292 εεε
554 173 559 186 ’
613 223 800 278 Ηεεοοωε

198 366 363 436 Θεσσαλοὶ
395 367 614 453 κεχολωμένοι
644 380 730 434 τοῖσι
760 372 912 434 Φωκεῦσι
945 367 1099 451 ἐγένοντο
1129 369 1207 450 ἡγε-

118 455 128 476 ⁰
198 479 299 560 μόνες
325 477 370 563 τῷ
399 475 555 562 βαρβάρῳ
580 485 636 558 τῆς
659 474 751 540 ὁδοῦ.
796 474 832 542 ἐκ
855 471 917 558 μὲν
939 475 981 558 δη
1004 483 1061 557 τῆς
1086 478 1208 560 Τρηχι·

198 584 275 664 νίης
293 581 326 657 ές
343 582 404 664 τὴν
419 582 557 667 Δωρίδα
576 580 748 664 ἐσέβαλον·
771 590 829 663 τῆς
845 582 908 664 γὰρ
924 582 1079 665 Δωρίδος
1096 581 1208 666 χώρης

198 688 331 752 ποδεὼν
358 689 484 765 στεινὸς
511 689 612 772 ταύτη
640 690 836 770 κατατείνει,
864 687 908 763 ὡς
930 689 1106 769 τριήκοντα
1128 703 1191 751 στα
1322 754 1323 762 χ

199 795 285 858 δίων
308 794 446 878 μάλιστά
469 817 509 878 κη
538 788 648 875 εὖρος,
676 796 824 877 κείμενος
852 791 971 876 μεταξὺ
992 802 1051 876 τῆς
1071 816 1107 858 τε
1128 796 1208 876 Μη-

199 900 293 976 λίδος
315 897 370 964 καὶ
391 899 541 974 Φωκίδος
558 898 676 982 χώρης,
699 898 721 980 ἤ
739 918 799 980 περ
817 893 860 980 ἦν
878 899 916 962 τὸ
934 899 1075 962 παλαιὸν
1093 903 1207 982 Δρυο-
1314 893 1323 960 λ

199 1008 269 1082 ττίς·
298 1005 319 1088 ἡ
347 1001 383 1070 δέ
409 1005 499 1089 χάρη
528 1004 609 1086 αὕτη
637 1001 706 1068 ἐστὶ
733 1006 932 1088 μητρόπολις
954 1002 1116 1088 Δωριέων
1137 1015 1207 1069 τῶν

202 1111 239 1178 ἐν
262 1113 518 1197 Πελοποννήσῳ.
568 1110 692 1192 ταύτην
725 1106 773 1176 ὧν
800 1111 861 1193 τὴν
887 1111 1026 1195 Δωρίδα
1053 1119 1117 1194 γῆν
1144 1109 1208 1175 οὐκ

202 1217 355 1284 ἐσίναντο
387 1216 583 1300 ἐσβαλόντες
615 1217 651 1280 οί
680 1216 855 1300 βάρβαροι·
892 1215 1045 1300 ἐμήδιζόν
1075 1239 1110 1280 τε
1142 1218 1208 1301 γάρ

147 1347 183 1396 32
202 1321 256 1390 καί
288 1323 349 1388 οὐκ
377 1322 486 1389 ἐδόκεε
514 1326 720 1388 Θεσσαλοῖσι.
769 1322 813 1398 ὡς
841 1319 877 1387 δὲ
905 1322 941 1388 ἐκ
968 1331 1025 1406 τῆς
1052 1324 1209 1407 Δωρίδος

124 1501 130 1516 Ι
202 1429 236 1506 ἐς
268 1430 329 1513 τὴν
359 1429 493 1494 Φωκίδα
521 1426 694 1511 ἐσέβαλον,
727 1428 848 1504 αὐτοὺς
875 1424 936 1512 μὲν
963 1431 1042 1505 τοὺς
1073 1428 1209 1504 Φωκέας

203 1535 266 1601 οὐκ
293 1535 450 1620 αἱρέουσι.
497 1535 532 1598 οί
553 1531 613 1618 μὲν
639 1536 704 1620 μὰρ
729 1545 797 1600 τῶν
822 1533 967 1600 Φωκέων
995 1534 1028 1610 ἐς
1054 1535 1094 1599 τδι
1123 1536 1209 1618 άκρα

202 1650 264 1707 τοῦ
283 1645 487 1725 Παρνησσοῦ
509 1640 676 1724 ἀνέβησαν
700 1638 783 1726 (ἐστι
807 1637 843 1704 δέ
865 1638 920 1704 καὶ
943 1640 1096 1724 ἐπιτηδέη
1115 1639 1209 1718 δέξα-

202 1754 286 1814 σθαι
314 1749 430 1832 ὅμιλον
452 1756 513 1812 τοῦ
536 1752 741 1831 Παρνησσοῦ
763 1745 784 1829 ἡ
806 1749 954 1831 κορυφή,
981 1747 1063 1812 κατά
1086 1745 1209 1812 Νέωνα

201 1857 302 1920 πόλιν
324 1852 456 1938 κειμένη
486 1850 535 1918 ἐπ’
562 1851 698 1936 ἑωυτῆς,
730 1851 875 1934 Τιθορέα
899 1853 1026 1937 οὕνομα
1048 1853 1146 1937 αὐτῇ,
1175 1853 1210 1930 ἐς
1317 1913 1324 1938 =

201 1963 265 2045 την
284 1961 325 2044 δὴ
344 1961 560 2044 ἀνηνείκαντο
579 1955 633 2024 καλ
647 1955 743 2023 αὐτοὶ
757 1957 949 2043 άνέβησαν)·
974 1970 992 2023 ο
1020 1955 1057 2024 δὲ
1070 1964 1210 2036 πλεῦνες

203 2067 316 2132 αὐτῶν
339 2065 373 2142 ἐς
394 2068 473 2142 τοὺς
492 2063 621 2143 Ὀζόλας
643 2065 795 2147 Λοκροὺς
818 2062 1058 2148 ἐξεκομίσαντο,
1083 2065 1115 2142 ἐς
1128 2064 1211 2150 ''Au-

204 2188 331 2258 φισσαν
362 2175 460 2236 πόλιν
491 2172 552 2254 τὴν
583 2167 666 2255 ὑπὲρ
694 2178 754 2235 τοῦ
781 2173 946 2254 Κρισαίου
973 2171 1090 2236 πεδίου
1119 2174 1211 2256 οίκη·

204 2276 318 2361 μένην.
365 2277 400 2340 οί
424 2273 461 2341 δὲ
488 2277 651 2358 βάρβαροι
673 2276 734 2357 τὴν
756 2275 868 2360 χώρην
889 2283 999 2340 πᾶσαν
1022 2276 1210 2362 ἐπέδραμον

205 2383 267 2465 την
292 2383 439 2446 Φωκίδα·
473 2378 635 2446 Θεσσαλοί
662 2381 725 2465 γάρ
753 2380 839 2444 οὕτω
867 2375 950 2463 ἦχον
972 2383 1032 2446 τὸν
1055 2387 1210 2465 στρατόν·

206 2487 308 2554 ὁκόσα
331 2484 368 2552 δὲ
391 2486 543 2570 ἐπέσχον,
571 2487 677 2552 πάντα
700 2484 882 2570 ἐπέφλεγον
904 2485 959 2552 καὶ
982 2489 1128 2572 ἔκειρον,
1154 2487 1211 2554 καὶ

151 2616 187 2665 33
207 2595 240 2674 ἐς
262 2595 319 2672 τὰς
341 2596 435 2670 πόλις
458 2593 599 2669 ἐνιέντες
620 2602 687 2678 πῦρ
709 2589 764 2656 καὶ
783 2592 816 2668 ἐς
833 2593 872 2656 τά
892 2593 954 2674 ίρά.
990 2599 1211 2680 πορευόμενοι

206 2704 269 2788 μὰρ
292 2702 393 2786 ταύτῃ
417 2701 504 2784 παρά
521 2701 579 2765 τὸν
597 2700 753 2784 Κηφισὸν
771 2699 919 2782 ποταμὸν
938 2699 1074 2782 ἐδηίουν
1092 2702 1210 2784 πάντα,

206 2808 261 2876 καὶ
288 2809 369 2874 κατδι
394 2804 455 2892 μέν
477 2809 620 2872 ἔκαυσαν
643 2805 783 2891 Δρυμὸν
806 2807 914 2888 πόλιν,
937 2806 1018 2870 κατὰ
1041 2803 1078 2872 δέ
1101 2811 1210 2894 Χαρά-

207 2918 292 3001 δραν
315 2913 370 2980 καὶ
388 2913 539 2999 Ἔρωχον
561 2911 616 2977 καὶ
642 2912 836 2995 Τεθρώνιον
858 2908 913 2974 καὶ
933 2908 1132 2994 Ἀμφίκαιαν
1155 2913 1212 2980 καὶ
1319 2909 1325 2928 ’

208 3022 330 3090 Νέωνα
361 3019 415 3086 καὶ
443 3017 583 3096 Πεδιέας
614 3017 668 3084 καὶ
704 3016 838 3103 Τριτέας
868 3015 924 3082 καὶ
952 3015 1121 3085 Ἐλάτειαν
1156 3020 1213 3087 καὶ

200 3126 380 3213 Ὑάμπολιν
398 3125 453 3192 καλ
472 3127 751 3212 Παραποταμίους
768 3121 823 3188 καί
836 3121 948 3207 Ἄβας,
972 3126 1058 3189 ἔνθα
1076 3121 1118 3208 ἦν
1138 3127 1213 3210 ίρὸυ

204 3230 410 3310 ’Λπόλλωνος
436 3234 613 3316 πλούσιον,
641 3232 847 3316 θησαυροῖσί
870 3253 905 3295 τε
937 3227 992 3296 καὶ
1020 3230 1214 3317 ἀναθήμασι

207 3344 359 3404 πολλοῖσι
390 3337 705 3424 κατεσκευασμένον·
737 3333 780 3421 ἦν
810 3333 846 3402 δέ
877 3335 932 3402 καὶ
959 3339 1031 3401 τότε
1063 3336 1118 3402 καὶ
1147 3348 1214 3404 νῦν

208 3447 277 3509 ἐστι
296 3448 496 3530 χρηστήριον
514 3445 648 3510 αὐτόθι·
671 3442 841 3509 καὶτοῦτο
860 3445 897 3509 τὸ
918 3445 991 3527 ίρὸν
1011 3447 1215 3527 συλήσαντες
