<?xml version="1.0" encoding="UTF-8"?>
<!DOCTYPE html PUBLIC "-//W3C//DTD XHTML 1.0 Transitional//EN"
    "http://www.w3.org/TR/xhtml1/DTD/xhtml1-transitional.dtd">
<html xmlns="http://www.w3.org/1999/xhtml" xml:lang="en" lang="en">
 <head>
  <title>
</title>
<meta http-equiv="Content-Type" content="text/html;charset=utf-8" />
  <meta name='ocr-system' content='tesseract 3.04.00' />
  <meta name='ocr-capabilities' content='ocr_page ocr_carea ocr_par ocr_line ocrx_word'/>
</head>
<body>
  <div class='ocr_page' id='page_1' title='image "./herodotihistori07herogoog_0402.png"; bbox 0 0 2632 3970; ppageno 0'>
   <div class='ocr_carea' id='block_1_1' title="bbox 422 249 1112 352">
    <p class='ocr_par' dir='ltr' id='par_1_1' title="bbox 422 249 1112 352">
     <span class='ocr_line' id='line_1_1' title="bbox 422 249 1112 352; baseline 0.02 -14"><span class='ocrx_word' id='word_1_1' title='bbox 422 249 550 340; x_wconf 62' lang='grc' dir='ltr'><strong><em>Ι.1Β.12.</em></strong></span> <span class='ocrx_word' id='word_1_2' title='bbox 587 285 664 341; x_wconf 82' lang='grc' dir='ltr'><strong><em>οΑΡ.</em></strong></span> <span class='ocrx_word' id='word_1_3' title='bbox 683 290 802 341; x_wconf 78' lang='grc' dir='ltr'><strong><em>εε-ιε.</em></strong></span> <span class='ocrx_word' id='word_1_4' title='bbox 1047 285 1112 352; x_wconf 81' lang='grc'><strong><em>345</em></strong></span> 
     </span>
    </p>
   </div>
   <div class='ocr_carea' id='block_1_2' title="bbox 35 424 1167 3576">
    <p class='ocr_par' dir='ltr' id='par_1_2' title="bbox 35 424 1167 3576">
     <span class='ocr_line' id='line_1_2' title="bbox 111 424 1111 520; baseline 0.008 -31"><span class='ocrx_word' id='word_1_5' title='bbox 111 424 322 510; x_wconf 90' lang='grc' dir='ltr'><strong><em>κατημένοισι</em></strong></span> <span class='ocrx_word' id='word_1_6' title='bbox 349 426 387 492; x_wconf 90' lang='grc' dir='ltr'><strong><em>ἐν</em></strong></span> <span class='ocrx_word' id='word_1_7' title='bbox 409 431 613 513; x_wconf 74' lang='grc' dir='ltr'><strong><em>Πλαταιῇσι,</em></strong></span> <span class='ocrx_word' id='word_1_8' title='bbox 641 428 731 493; x_wconf 79' lang='grc' dir='ltr'><strong><em>οἵτε</em></strong></span> <span class='ocrx_word' id='word_1_9' title='bbox 762 429 803 511; x_wconf 74' lang='grc' dir='ltr'><strong><em>δὴ</em></strong></span> <span class='ocrx_word' id='word_1_10' title='bbox 823 427 979 514; x_wconf 82' lang='grc' dir='ltr'><strong><em>Ἕλληνες</em></strong></span> <span class='ocrx_word' id='word_1_11' title='bbox 1000 436 1111 520; x_wconf 78' lang='grc' dir='ltr'><strong><em>πολλῷ</em></strong></span> 
     </span>
     <span class='ocr_line' id='line_1_3' title="bbox 111 531 1112 622; baseline 0.004 -26"><span class='ocrx_word' id='word_1_12' title='bbox 111 535 249 608; x_wconf 88' lang='grc' dir='ltr'><strong><em>πλεῦνες</em></strong></span> <span class='ocrx_word' id='word_1_13' title='bbox 285 531 482 616; x_wconf 79' lang='grc' dir='ltr'><em>ἐγεγόνεσαν</em></span> <span class='ocrx_word' id='word_1_14' title='bbox 512 531 567 598; x_wconf 80' lang='grc' dir='ltr'><strong><em>καὶ</em></strong></span> <span class='ocrx_word' id='word_1_15' title='bbox 598 534 794 618; x_wconf 84' lang='grc' dir='ltr'><strong><em>Μαρδόνιος</em></strong></span> <span class='ocrx_word' id='word_1_16' title='bbox 828 533 1038 620; x_wconf 75' lang='grc' dir='ltr'><em>περιημέκτεε</em></span> <span class='ocrx_word' id='word_1_17' title='bbox 1072 545 1112 622; x_wconf 74' lang='grc' dir='ltr'><strong><em>τῇ</em></strong></span> 
     </span>
     <span class='ocr_line' id='line_1_4' title="bbox 43 635 1112 726; baseline 0.006 -25"><span class='ocrx_word' id='word_1_18' title='bbox 43 669 47 676; x_wconf 90' lang='grc'><em>·</em></span> <span class='ocrx_word' id='word_1_19' title='bbox 111 635 201 722; x_wconf 79' lang='grc' dir='ltr'><strong><em>ἕδρη.</em></strong></span> <span class='ocrx_word' id='word_1_20' title='bbox 239 637 385 704; x_wconf 76' lang='grc' dir='ltr'><strong><em>ἐνθαῦτα</em></strong></span> <span class='ocrx_word' id='word_1_21' title='bbox 409 639 442 716; x_wconf 87' lang='grc' dir='ltr'><strong><em>ἐς</em></strong></span> <span class='ocrx_word' id='word_1_22' title='bbox 463 642 584 722; x_wconf 91' lang='grc' dir='ltr'><strong><em>λόγους</em></strong></span> <span class='ocrx_word' id='word_1_23' title='bbox 605 635 714 724; x_wconf 74' lang='grc' dir='ltr'><strong><em>ἦλθον</em></strong></span> <span class='ocrx_word' id='word_1_24' title='bbox 731 640 927 726; x_wconf 85' lang='grc' dir='ltr'><strong><em>Μαρδόνιός</em></strong></span> <span class='ocrx_word' id='word_1_25' title='bbox 948 665 983 719; x_wconf 82' lang='grc' dir='ltr'><strong><em>τε</em></strong></span> <span class='ocrx_word' id='word_1_26' title='bbox 1005 641 1023 707; x_wconf 83' lang='grc' dir='ltr'>ὁ</span> <span class='ocrx_word' id='word_1_27' title='bbox 1042 645 1112 707; x_wconf 87' lang='grc' dir='ltr'><strong><em>Γω-</em></strong></span> 
     </span>
     <span class='ocr_line' id='line_1_5' title="bbox 110 731 1113 831; baseline 0.004 -24"><span class='ocrx_word' id='word_1_28' title='bbox 110 743 219 828; x_wconf 84' lang='grc' dir='ltr'><strong><em>βρῦεω</em></strong></span> <span class='ocrx_word' id='word_1_29' title='bbox 251 741 306 809; x_wconf 80' lang='grc' dir='ltr'><strong><em>καλ</em></strong></span> <span class='ocrx_word' id='word_1_30' title='bbox 332 731 526 830; x_wconf 74' lang='grc' dir='ltr'><strong><em>Ἀρτάβαζος</em></strong></span> <span class='ocrx_word' id='word_1_31' title='bbox 554 744 571 810; x_wconf 88' lang='grc' dir='ltr'>ὁ</span> <span class='ocrx_word' id='word_1_32' title='bbox 602 745 808 831; x_wconf 81' lang='grc' dir='ltr'><strong><em>Φαρνάκεος,</em></strong></span> <span class='ocrx_word' id='word_1_33' title='bbox 841 744 877 822; x_wconf 81' lang='grc' dir='ltr'><strong><em>ὃς</em></strong></span> <span class='ocrx_word' id='word_1_34' title='bbox 909 745 945 810; x_wconf 89' lang='grc' dir='ltr'><strong><em>ἐν</em></strong></span> <span class='ocrx_word' id='word_1_35' title='bbox 972 745 1113 829; x_wconf 75' lang='grc' dir='ltr'><em>ὀλίγοισι</em></span> 
     </span>
     <span class='ocr_line' id='line_1_6' title="bbox 112 844 1113 936; baseline 0.004 -23"><span class='ocrx_word' id='word_1_36' title='bbox 112 847 270 933; x_wconf 83' lang='grc' dir='ltr'><strong><em>Περσέων</em></strong></span> <span class='ocrx_word' id='word_1_37' title='bbox 288 844 331 932; x_wconf 74' lang='grc' dir='ltr'><strong><em>ἦν</em></strong></span> <span class='ocrx_word' id='word_1_38' title='bbox 350 849 433 936; x_wconf 82' lang='grc' dir='ltr'><strong><em>ἀνὴρ</em></strong></span> <span class='ocrx_word' id='word_1_39' title='bbox 453 851 587 936; x_wconf 75' lang='grc' dir='ltr'><em>δόκιμος</em></span> <span class='ocrx_word' id='word_1_40' title='bbox 604 853 692 936; x_wconf 82' lang='grc' dir='ltr'><strong><em>παρὰ</em></strong></span> <span class='ocrx_word' id='word_1_41' title='bbox 710 849 823 936; x_wconf 77' lang='grc' dir='ltr'><strong><em>Ξέρξη.</em></strong></span> <span class='ocrx_word' id='word_1_42' title='bbox 861 849 1113 935; x_wconf 79' lang='grc' dir='ltr'><strong><em>βουλευομένων</em></strong></span> 
     </span>
     <span class='ocr_line' id='line_1_7' title="bbox 35 949 1113 1042; baseline 0.005 -24"><span class='ocrx_word' id='word_1_43' title='bbox 35 1034 38 1039; x_wconf 26' lang='lat'>¹</span> <span class='ocrx_word' id='word_1_44' title='bbox 112 949 149 1020; x_wconf 75' lang='grc' dir='ltr'><strong><em>δέ</em></strong></span> <span class='ocrx_word' id='word_1_45' title='bbox 176 954 248 1020; x_wconf 82' lang='grc' dir='ltr'><strong><em>αἵδε</em></strong></span> <span class='ocrx_word' id='word_1_46' title='bbox 270 950 356 1039; x_wconf 74' lang='grc' dir='ltr'><strong><em>ἦσαν</em></strong></span> <span class='ocrx_word' id='word_1_47' title='bbox 379 957 416 1020; x_wconf 83' lang='grc' dir='ltr'><strong><em>αί</em></strong></span> <span class='ocrx_word' id='word_1_48' title='bbox 435 967 577 1042; x_wconf 82' lang='grc' dir='ltr'><strong><em>γνῶμαι,</em></strong></span> <span class='ocrx_word' id='word_1_49' title='bbox 605 957 626 1040; x_wconf 75' lang='grc' dir='ltr'>ἡ</span> <span class='ocrx_word' id='word_1_50' title='bbox 649 954 709 1042; x_wconf 79' lang='grc' dir='ltr'><strong><em>μέν</em></strong></span> <span class='ocrx_word' id='word_1_51' title='bbox 730 952 927 1042; x_wconf 77' lang='grc' dir='ltr'><strong><em>Ἀρταβάζου</em></strong></span> <span class='ocrx_word' id='word_1_52' title='bbox 949 956 994 1034; x_wconf 81' lang='grc' dir='ltr'><strong><em>ὡς</em></strong></span> <span class='ocrx_word' id='word_1_53' title='bbox 1015 959 1113 1042; x_wconf 88' lang='grc' dir='ltr'><strong><em>χρεὸν</em></strong></span> 
     </span>
     <span class='ocr_line' id='line_1_8' title="bbox 112 1060 1113 1148; baseline 0.003 -23"><span class='ocrx_word' id='word_1_54' title='bbox 112 1065 162 1143; x_wconf 77' lang='grc' dir='ltr'><strong><em>εἴη</em></strong></span> <span class='ocrx_word' id='word_1_55' title='bbox 195 1060 434 1140; x_wconf 75' lang='grc' dir='ltr'><strong><em>ἀναζεύξαντας</em></strong></span> <span class='ocrx_word' id='word_1_56' title='bbox 464 1064 525 1146; x_wconf 80' lang='grc' dir='ltr'><strong><em>τὴν</em></strong></span> <span class='ocrx_word' id='word_1_57' title='bbox 556 1066 713 1147; x_wconf 78' lang='grc' dir='ltr'><strong><em>ταχίστην</em></strong></span> <span class='ocrx_word' id='word_1_58' title='bbox 744 1062 851 1128; x_wconf 90' lang='grc' dir='ltr'><strong><em>πάντα</em></strong></span> <span class='ocrx_word' id='word_1_59' title='bbox 882 1063 941 1127; x_wconf 92' lang='grc' dir='ltr'><strong><em>τὸν</em></strong></span> <span class='ocrx_word' id='word_1_60' title='bbox 973 1063 1113 1148; x_wconf 90' lang='grc' dir='ltr'><strong><em>στρατὸν</em></strong></span> 
     </span>
     <span class='ocr_line' id='line_1_9' title="bbox 111 1164 1114 1252; baseline 0.002 -20"><span class='ocrx_word' id='word_1_61' title='bbox 111 1164 197 1232; x_wconf 90' lang='grc' dir='ltr'><strong><em>ίέναι</em></strong></span> <span class='ocrx_word' id='word_1_62' title='bbox 229 1167 262 1243; x_wconf 90' lang='grc' dir='ltr'><strong><em>ἐς</em></strong></span> <span class='ocrx_word' id='word_1_63' title='bbox 292 1167 330 1230; x_wconf 91' lang='grc' dir='ltr'><strong><em>τὸ</em></strong></span> <span class='ocrx_word' id='word_1_64' title='bbox 361 1177 467 1251; x_wconf 86' lang='grc' dir='ltr'><strong><em>τείχος</em></strong></span> <span class='ocrx_word' id='word_1_65' title='bbox 497 1168 535 1231; x_wconf 85' lang='grc' dir='ltr'><strong><em>τὸ</em></strong></span> <span class='ocrx_word' id='word_1_66' title='bbox 560 1171 730 1251; x_wconf 80' lang='grc' dir='ltr'><strong><em>Θηβαίων,</em></strong></span> <span class='ocrx_word' id='word_1_67' title='bbox 759 1170 844 1233; x_wconf 75' lang='grc' dir='ltr'><strong><em>ἔνθα</em></strong></span> <span class='ocrx_word' id='word_1_68' title='bbox 871 1169 964 1233; x_wconf 80' lang='grc' dir='ltr'><strong><em>σῖτόν</em></strong></span> <span class='ocrx_word' id='word_1_69' title='bbox 990 1166 1028 1232; x_wconf 81' lang='grc' dir='ltr'><strong><em>τέ</em></strong></span> <span class='ocrx_word' id='word_1_70' title='bbox 1053 1184 1114 1252; x_wconf 85' lang='grc' dir='ltr'><strong><em>σφι</em></strong></span> 
     </span>
     <span class='ocr_line' id='line_1_10' title="bbox 111 1271 1110 1359; baseline 0 -21"><span class='ocrx_word' id='word_1_71' title='bbox 111 1272 342 1358; x_wconf 76' lang='grc' dir='ltr'><strong><em>ἐσενηνεῖχθαι</em></strong></span> <span class='ocrx_word' id='word_1_72' title='bbox 358 1274 484 1339; x_wconf 89' lang='grc' dir='ltr'><strong><em>πολλὸν</em></strong></span> <span class='ocrx_word' id='word_1_73' title='bbox 497 1271 552 1339; x_wconf 81' lang='grc' dir='ltr'><strong><em>καὶ</em></strong></span> <span class='ocrx_word' id='word_1_74' title='bbox 565 1277 685 1359; x_wconf 87' lang='grc' dir='ltr'><strong><em>χόρτον</em></strong></span> <span class='ocrx_word' id='word_1_75' title='bbox 703 1285 790 1340; x_wconf 84' lang='grc' dir='ltr'><strong><em>τοίσι</em></strong></span> <span class='ocrx_word' id='word_1_76' title='bbox 804 1273 1021 1358; x_wconf 81' lang='grc' dir='ltr'><strong><em>ὑποζυγίοισι,</em></strong></span> <span class='ocrx_word' id='word_1_77' title='bbox 1040 1271 1110 1338; x_wconf 91' lang='grc' dir='ltr'><strong><em>κατ’</em></strong></span> 
     </span>
     <span class='ocr_line' id='line_1_11' title="bbox 108 1377 1114 1464; baseline 0.002 -22"><span class='ocrx_word' id='word_1_78' title='bbox 108 1378 253 1462; x_wconf 77' lang='grc' dir='ltr'><strong><em>ἡσυχίην</em></strong></span> <span class='ocrx_word' id='word_1_79' title='bbox 274 1401 309 1443; x_wconf 88' lang='grc' dir='ltr'><strong><em>τε</em></strong></span> <span class='ocrx_word' id='word_1_80' title='bbox 338 1377 508 1463; x_wconf 78' lang='grc' dir='ltr'><strong><em>ἱζομένους</em></strong></span> <span class='ocrx_word' id='word_1_81' title='bbox 535 1380 799 1464; x_wconf 71' lang='grc' dir='ltr'><strong><em>διαπρήσσεσθαι</em></strong></span> <span class='ocrx_word' id='word_1_82' title='bbox 825 1387 1000 1456; x_wconf 88' lang='grc' dir='ltr'><strong><em>ποιεῦντας</em></strong></span> <span class='ocrx_word' id='word_1_83' title='bbox 1022 1380 1114 1444; x_wconf 87' lang='grc' dir='ltr'><strong><em>τάδε·</em></strong></span> 
     </span>
     <span class='ocr_line' id='line_1_12' title="bbox 111 1482 1114 1570; baseline 0.002 -22"><span class='ocrx_word' id='word_1_84' title='bbox 111 1485 199 1568; x_wconf 80' lang='grc' dir='ltr'><strong><em>ἔχειν</em></strong></span> <span class='ocrx_word' id='word_1_85' title='bbox 221 1485 284 1569; x_wconf 83' lang='grc' dir='ltr'><strong><em>γάρ</em></strong></span> <span class='ocrx_word' id='word_1_86' title='bbox 302 1485 429 1570; x_wconf 89' lang='grc' dir='ltr'><strong><em>χρυσὸν</em></strong></span> <span class='ocrx_word' id='word_1_87' title='bbox 447 1486 571 1551; x_wconf 89' lang='grc' dir='ltr'><strong><em>πολλὸν</em></strong></span> <span class='ocrx_word' id='word_1_88' title='bbox 590 1482 650 1570; x_wconf 68' lang='grc' dir='ltr'><strong><em>μέν</em></strong></span> <span class='ocrx_word' id='word_1_89' title='bbox 669 1484 839 1570; x_wconf 78' lang='grc' dir='ltr'><strong><em>ἐπίσημον,</em></strong></span> <span class='ocrx_word' id='word_1_90' title='bbox 862 1486 987 1551; x_wconf 91' lang='grc' dir='ltr'><strong><em>πολλὸν</em></strong></span> <span class='ocrx_word' id='word_1_91' title='bbox 1006 1482 1043 1551; x_wconf 74' lang='grc' dir='ltr'><strong><em>δὲ</em></strong></span> <span class='ocrx_word' id='word_1_92' title='bbox 1059 1483 1114 1550; x_wconf 82' lang='grc' dir='ltr'><strong><em>καὶ</em></strong></span> 
     </span>
     <span class='ocr_line' id='line_1_13' title="bbox 110 1587 1114 1676; baseline 0.002 -22"><span class='ocrx_word' id='word_1_93' title='bbox 110 1590 253 1674; x_wconf 85' lang='grc' dir='ltr'><strong><em>άσημον,</em></strong></span> <span class='ocrx_word' id='word_1_94' title='bbox 271 1592 395 1656; x_wconf 88' lang='grc' dir='ltr'><strong><em>πολλὸν</em></strong></span> <span class='ocrx_word' id='word_1_95' title='bbox 410 1587 447 1655; x_wconf 72' lang='grc' dir='ltr'><strong><em>δέ</em></strong></span> <span class='ocrx_word' id='word_1_96' title='bbox 464 1588 519 1655; x_wconf 80' lang='grc' dir='ltr'><strong><em>καί</em></strong></span> <span class='ocrx_word' id='word_1_97' title='bbox 537 1591 685 1676; x_wconf 77' lang='grc' dir='ltr'><strong><em>ἄργυρόν</em></strong></span> <span class='ocrx_word' id='word_1_98' title='bbox 703 1589 811 1655; x_wconf 81' lang='grc' dir='ltr'><strong><em>τεκαὶ</em></strong></span> <span class='ocrx_word' id='word_1_99' title='bbox 829 1590 1017 1676; x_wconf 82' lang='grc' dir='ltr'><strong><em>ἐκπώματα·</em></strong></span> <span class='ocrx_word' id='word_1_100' title='bbox 1039 1592 1114 1656; x_wconf 87' lang='grc' dir='ltr'><strong><em>τού-</em></strong></span> 
     </span>
     <span class='ocr_line' id='line_1_14' title="bbox 113 1693 1113 1780; baseline 0 -20"><span class='ocrx_word' id='word_1_101' title='bbox 113 1718 183 1760; x_wconf 85' lang='grc' dir='ltr'><strong><em>των</em></strong></span> <span class='ocrx_word' id='word_1_102' title='bbox 202 1695 421 1780; x_wconf 75' lang='grc' dir='ltr'><strong><em>φειδομένους</em></strong></span> <span class='ocrx_word' id='word_1_103' title='bbox 439 1696 581 1780; x_wconf 89' lang='grc' dir='ltr'><strong><em>μηδενὸς</em></strong></span> <span class='ocrx_word' id='word_1_104' title='bbox 595 1693 789 1780; x_wconf 76' lang='grc' dir='ltr'><strong><em>διαπέμπειν</em></strong></span> <span class='ocrx_word' id='word_1_105' title='bbox 803 1696 837 1772; x_wconf 85' lang='grc' dir='ltr'><strong><em>ἐς</em></strong></span> <span class='ocrx_word' id='word_1_106' title='bbox 849 1699 928 1773; x_wconf 89' lang='grc' dir='ltr'><strong><em>τοῦς</em></strong></span> <span class='ocrx_word' id='word_1_107' title='bbox 941 1694 1113 1780; x_wconf 84' lang='grc' dir='ltr'><strong><em>Ἕλληνας,</em></strong></span> 
     </span>
     <span class='ocr_line' id='line_1_15' title="bbox 110 1798 1114 1887; baseline 0.001 -20"><span class='ocrx_word' id='word_1_108' title='bbox 110 1799 277 1886; x_wconf 74' lang='grc' dir='ltr'><strong><em>Ἑλλήνων</em></strong></span> <span class='ocrx_word' id='word_1_109' title='bbox 299 1798 336 1866; x_wconf 74' lang='grc' dir='ltr'><strong><em>δὲ</em></strong></span> <span class='ocrx_word' id='word_1_110' title='bbox 359 1802 498 1887; x_wconf 91' lang='grc' dir='ltr'><strong><em>μάλιστα</em></strong></span> <span class='ocrx_word' id='word_1_111' title='bbox 521 1801 554 1878; x_wconf 90' lang='grc' dir='ltr'><strong><em>ἐς</em></strong></span> <span class='ocrx_word' id='word_1_112' title='bbox 575 1803 654 1877; x_wconf 84' lang='grc' dir='ltr'><strong><em>τοὺς</em></strong></span> <span class='ocrx_word' id='word_1_113' title='bbox 671 1811 893 1886; x_wconf 82' lang='grc' dir='ltr'><strong><em>προεστεῶτας</em></strong></span> <span class='ocrx_word' id='word_1_114' title='bbox 912 1803 948 1868; x_wconf 86' lang='grc' dir='ltr'><strong><em>ἐν</em></strong></span> <span class='ocrx_word' id='word_1_115' title='bbox 965 1810 1039 1887; x_wconf 70' lang='grc' dir='ltr'><strong><em>τῇσι</em></strong></span> <span class='ocrx_word' id='word_1_116' title='bbox 1057 1806 1114 1868; x_wconf 88' lang='grc' dir='ltr'><strong><em>πό-</em></strong></span> 
     </span>
     <span class='ocr_line' id='line_1_16' title="bbox 112 1904 1113 1994; baseline 0.001 -22"><span class='ocrx_word' id='word_1_117' title='bbox 112 1911 195 1989; x_wconf 88' lang='grc' dir='ltr'><strong><em>λισι,</em></strong></span> <span class='ocrx_word' id='word_1_118' title='bbox 222 1904 278 1971; x_wconf 83' lang='grc' dir='ltr'><strong><em>καλ</em></strong></span> <span class='ocrx_word' id='word_1_119' title='bbox 304 1905 427 1992; x_wconf 83' lang='grc' dir='ltr'><strong><em>ταχέως</em></strong></span> <span class='ocrx_word' id='word_1_120' title='bbox 454 1905 557 1991; x_wconf 90' lang='grc' dir='ltr'><strong><em>σφέας</em></strong></span> <span class='ocrx_word' id='word_1_121' title='bbox 584 1907 794 1991; x_wconf 78' lang='grc' dir='ltr'><strong><em>παραδώσειν</em></strong></span> <span class='ocrx_word' id='word_1_122' title='bbox 820 1907 881 1990; x_wconf 81' lang='grc' dir='ltr'><strong><em>την</em></strong></span> <span class='ocrx_word' id='word_1_123' title='bbox 909 1907 1113 1994; x_wconf 78' lang='grc' dir='ltr'><strong><em>ἐλευθερίην,</em></strong></span> 
     </span>
     <span class='ocr_line' id='line_1_17' title="bbox 111 2007 1114 2096; baseline 0.002 -21"><span class='ocrx_word' id='word_1_124' title='bbox 111 2007 196 2096; x_wconf 68' lang='grc' dir='ltr'><strong><em>μηδὲ</em></strong></span> <span class='ocrx_word' id='word_1_125' title='bbox 210 2011 482 2078; x_wconf 82' lang='grc' dir='ltr'><strong><em>ἀνακινδυνεύειν</em></strong></span> <span class='ocrx_word' id='word_1_126' title='bbox 496 2011 752 2096; x_wconf 91' lang='grc' dir='ltr'><strong><em>συμβάλλοντας.</em></strong></span> <span class='ocrx_word' id='word_1_127' title='bbox 783 2012 904 2077; x_wconf 79' lang='grc' dir='ltr'><strong><em>τούτου</em></strong></span> <span class='ocrx_word' id='word_1_128' title='bbox 918 2007 979 2096; x_wconf 75' lang='grc' dir='ltr'><strong><em>μὲν</em></strong></span> <span class='ocrx_word' id='word_1_129' title='bbox 996 2012 1017 2095; x_wconf 76' lang='grc' dir='ltr'><em>ἡ</em></span> <span class='ocrx_word' id='word_1_130' title='bbox 1032 2012 1114 2096; x_wconf 80' lang='grc' dir='ltr'><strong><em>αὐτὴ</em></strong></span> 
     </span>
     <span class='ocr_line' id='line_1_18' title="bbox 113 2116 1114 2202; baseline -0.001 -20"><span class='ocrx_word' id='word_1_131' title='bbox 113 2116 239 2200; x_wconf 87' lang='grc' dir='ltr'><strong><em>ἐγίνετο</em></strong></span> <span class='ocrx_word' id='word_1_132' title='bbox 262 2116 317 2184; x_wconf 83' lang='grc' dir='ltr'><strong><em>καλ</em></strong></span> <span class='ocrx_word' id='word_1_133' title='bbox 341 2119 650 2202; x_wconf 79' lang='grc' dir='ltr'><strong><em>Θηβαίωνγνώμη,</em></strong></span> <span class='ocrx_word' id='word_1_134' title='bbox 674 2117 718 2194; x_wconf 79' lang='grc' dir='ltr'><strong><em>ὡς</em></strong></span> <span class='ocrx_word' id='word_1_135' title='bbox 740 2118 934 2202; x_wconf 83' lang='grc' dir='ltr'><strong><em>προειδότος</em></strong></span> <span class='ocrx_word' id='word_1_136' title='bbox 957 2121 1061 2182; x_wconf 84' lang='grc' dir='ltr'><strong><em>πλεῦν</em></strong></span> <span class='ocrx_word' id='word_1_137' title='bbox 1083 2141 1114 2181; x_wconf 92' lang='grc' dir='ltr'><strong><em>τι</em></strong></span> 
     </span>
     <span class='ocr_line' id='line_1_19' title="bbox 111 2219 1114 2310; baseline 0 -22"><span class='ocrx_word' id='word_1_138' title='bbox 111 2219 168 2288; x_wconf 80' lang='grc' dir='ltr'><strong><em>καὶ</em></strong></span> <span class='ocrx_word' id='word_1_139' title='bbox 190 2224 321 2307; x_wconf 80' lang='grc' dir='ltr'><strong><em>τούτου,</em></strong></span> <span class='ocrx_word' id='word_1_140' title='bbox 344 2224 545 2308; x_wconf 90' lang='grc' dir='ltr'><strong><em>Μαρδονίου</em></strong></span> <span class='ocrx_word' id='word_1_141' title='bbox 569 2219 605 2287; x_wconf 75' lang='grc' dir='ltr'><strong><em>δέ</em></strong></span> <span class='ocrx_word' id='word_1_142' title='bbox 629 2221 822 2310; x_wconf 79' lang='grc' dir='ltr'><strong><em>ἰσχυροτέρη</em></strong></span> <span class='ocrx_word' id='word_1_143' title='bbox 840 2221 948 2288; x_wconf 78' lang='grc' dir='ltr'><strong><em>τεκαὶ</em></strong></span> <span class='ocrx_word' id='word_1_144' title='bbox 966 2221 1114 2307; x_wconf 83' lang='grc' dir='ltr'><strong><em>ἀγνωμο-</em></strong></span> 
     </span>
     <span class='ocr_line' id='line_1_20' title="bbox 111 2326 1114 2416; baseline 0 -22"><span class='ocrx_word' id='word_1_145' title='bbox 111 2327 250 2415; x_wconf 89' lang='grc' dir='ltr'><strong><em>νεστέρη</em></strong></span> <span class='ocrx_word' id='word_1_146' title='bbox 272 2327 327 2393; x_wconf 78' lang='grc' dir='ltr'><strong><em>καί</em></strong></span> <span class='ocrx_word' id='word_1_147' title='bbox 350 2329 502 2413; x_wconf 83' lang='grc' dir='ltr'><strong><em>οὐδαμῶς</em></strong></span> <span class='ocrx_word' id='word_1_148' title='bbox 524 2326 830 2412; x_wconf 80' lang='grc' dir='ltr'><strong><em>συγγινωσκομένη·</em></strong></span> <span class='ocrx_word' id='word_1_149' title='bbox 854 2327 981 2394; x_wconf 85' lang='grc' dir='ltr'><strong><em>δοκέειν</em></strong></span> <span class='ocrx_word' id='word_1_150' title='bbox 998 2351 1033 2394; x_wconf 89' lang='grc' dir='ltr'><strong><em>τε</em></strong></span> <span class='ocrx_word' id='word_1_151' title='bbox 1051 2331 1114 2416; x_wconf 82' lang='grc' dir='ltr'><strong><em>γάρ</em></strong></span> 
     </span>
     <span class='ocr_line' id='line_1_21' title="bbox 112 2428 1115 2522; baseline 0.001 -24"><span class='ocrx_word' id='word_1_152' title='bbox 112 2438 225 2522; x_wconf 74' lang='grc' dir='ltr'><strong><em>πολλῷ</em></strong></span> <span class='ocrx_word' id='word_1_153' title='bbox 239 2433 402 2520; x_wconf 89' lang='grc' dir='ltr'><strong><em>κρέσσονα</em></strong></span> <span class='ocrx_word' id='word_1_154' title='bbox 416 2429 500 2498; x_wconf 80' lang='grc' dir='ltr'><strong><em>εἶναι</em></strong></span> <span class='ocrx_word' id='word_1_155' title='bbox 515 2435 575 2517; x_wconf 78' lang='grc' dir='ltr'><strong><em>τὴν</em></strong></span> <span class='ocrx_word' id='word_1_156' title='bbox 590 2433 753 2520; x_wconf 82' lang='grc' dir='ltr'><strong><em>σφετέρην</em></strong></span> <span class='ocrx_word' id='word_1_157' title='bbox 767 2435 923 2519; x_wconf 79' lang='grc' dir='ltr'><strong><em>στρατιὴν</em></strong></span> <span class='ocrx_word' id='word_1_158' title='bbox 936 2428 1115 2518; x_wconf 78' lang='grc' dir='ltr'><strong><em>τῆςἘλλη-</em></strong></span> 
     </span>
     <span class='ocr_line' id='line_1_22' title="bbox 116 2535 1115 2624; baseline 0 -20"><span class='ocrx_word' id='word_1_159' title='bbox 116 2548 219 2622; x_wconf 79' lang='grc' dir='ltr'><strong><em>νικῆς,</em></strong></span> <span class='ocrx_word' id='word_1_160' title='bbox 241 2539 441 2624; x_wconf 89' lang='grc' dir='ltr'><strong><em>συμβάλλειν</em></strong></span> <span class='ocrx_word' id='word_1_161' title='bbox 454 2563 489 2604; x_wconf 91' lang='grc' dir='ltr'><strong><em>τε</em></strong></span> <span class='ocrx_word' id='word_1_162' title='bbox 507 2540 568 2622; x_wconf 79' lang='grc' dir='ltr'><strong><em>την</em></strong></span> <span class='ocrx_word' id='word_1_163' title='bbox 586 2541 741 2623; x_wconf 88' lang='grc' dir='ltr'><strong><em>ταχίστην</em></strong></span> <span class='ocrx_word' id='word_1_164' title='bbox 760 2535 843 2623; x_wconf 69' lang='grc' dir='ltr'><strong><em>μηδὲ</em></strong></span> <span class='ocrx_word' id='word_1_165' title='bbox 860 2547 1019 2624; x_wconf 79' lang='grc' dir='ltr'><strong><em>περιορᾶν</em></strong></span> <span class='ocrx_word' id='word_1_166' title='bbox 1038 2545 1115 2604; x_wconf 90' lang='grc' dir='ltr'><strong><em>συλ-</em></strong></span> 
     </span>
     <span class='ocr_line' id='line_1_23' title="bbox 114 2643 1115 2730; baseline 0 -20"><span class='ocrx_word' id='word_1_167' title='bbox 114 2643 314 2730; x_wconf 87' lang='grc' dir='ltr'><strong><em>λεγομένους</em></strong></span> <span class='ocrx_word' id='word_1_168' title='bbox 344 2647 392 2710; x_wconf 82' lang='grc' dir='ltr'><strong><em>έτι</em></strong></span> <span class='ocrx_word' id='word_1_169' title='bbox 422 2650 565 2722; x_wconf 84' lang='grc' dir='ltr'><strong><em>πλεῦνας</em></strong></span> <span class='ocrx_word' id='word_1_170' title='bbox 595 2654 662 2709; x_wconf 80' lang='grc' dir='ltr'><strong><em>τῶν</em></strong></span> <span class='ocrx_word' id='word_1_171' title='bbox 694 2643 977 2728; x_wconf 85' lang='grc' dir='ltr'><strong><em>συλλελεγμένων,</em></strong></span> <span class='ocrx_word' id='word_1_172' title='bbox 1008 2646 1049 2710; x_wconf 93' lang='grc' dir='ltr'><strong><em>τά</em></strong></span> <span class='ocrx_word' id='word_1_173' title='bbox 1079 2667 1115 2710; x_wconf 90' lang='grc' dir='ltr'><strong><em>τε</em></strong></span> 
     </span>
     <span class='ocr_line' id='line_1_24' title="bbox 114 2745 1114 2835; baseline -0.002 -19"><span class='ocrx_word' id='word_1_174' title='bbox 114 2752 242 2835; x_wconf 90' lang='grc' dir='ltr'><strong><em>σφάγια</em></strong></span> <span class='ocrx_word' id='word_1_175' title='bbox 263 2752 304 2816; x_wconf 77' lang='grc' dir='ltr'><strong><em>τά</em></strong></span> <span class='ocrx_word' id='word_1_176' title='bbox 322 2747 582 2834; x_wconf 87' lang='grc' dir='ltr'><strong><em>Ἡγησιστράτου</em></strong></span> <span class='ocrx_word' id='word_1_177' title='bbox 601 2749 660 2816; x_wconf 82' lang='grc' dir='ltr'><strong><em>ἐάν</em></strong></span> <span class='ocrx_word' id='word_1_178' title='bbox 681 2753 808 2835; x_wconf 90' lang='grc' dir='ltr'><strong><em>χαίρειν</em></strong></span> <span class='ocrx_word' id='word_1_179' title='bbox 831 2745 914 2833; x_wconf 73' lang='grc' dir='ltr'><strong><em>μηδὲ</em></strong></span> <span class='ocrx_word' id='word_1_180' title='bbox 932 2749 1114 2833; x_wconf 76' lang='grc' dir='ltr'><strong><em>βιάζεσθαι,</em></strong></span> 
     </span>
     <span class='ocr_line' id='line_1_25' title="bbox 113 2854 1167 2945; baseline 0.001 -22"><span class='ocrx_word' id='word_1_181' title='bbox 113 2856 198 2923; x_wconf 76' lang='grc' dir='ltr'><strong><em>ἀλλὰ</em></strong></span> <span class='ocrx_word' id='word_1_182' title='bbox 216 2859 308 2945; x_wconf 84' lang='grc' dir='ltr'><strong><em>νόμφ</em></strong></span> <span class='ocrx_word' id='word_1_183' title='bbox 325 2863 371 2944; x_wconf 77' lang='grc' dir='ltr'><strong><em>τῷ</em></strong></span> <span class='ocrx_word' id='word_1_184' title='bbox 392 2855 550 2941; x_wconf 84' lang='grc' dir='ltr'><strong><em>Περσέων</em></strong></span> <span class='ocrx_word' id='word_1_185' title='bbox 572 2855 778 2941; x_wconf 80' lang='grc' dir='ltr'><strong><em>χρεωμένους</em></strong></span> <span class='ocrx_word' id='word_1_186' title='bbox 796 2854 1005 2938; x_wconf 91' lang='grc' dir='ltr'><strong><em>συμβάλλειν.</em></strong></span> <span class='ocrx_word' id='word_1_187' title='bbox 1040 2856 1113 2919; x_wconf 86' lang='grc' dir='ltr'><strong><em>τοῦ·</em></strong></span> <span class='ocrx_word' id='word_1_188' title='bbox 1132 2875 1167 2924; x_wconf 71' lang='lat'><strong><em>42</em></strong></span> 
     </span>
     <span class='ocr_line' id='line_1_26' title="bbox 86 2959 1115 3046; baseline -0.002 -18"><span class='ocrx_word' id='word_1_189' title='bbox 86 2976 88 2979; x_wconf 82' lang='grc'><strong>’</strong></span> <span class='ocrx_word' id='word_1_190' title='bbox 112 2985 175 3028; x_wconf 90' lang='grc' dir='ltr'><strong><em>του</em></strong></span> <span class='ocrx_word' id='word_1_191' title='bbox 195 2962 233 3028; x_wconf 77' lang='grc' dir='ltr'><strong><em>δέ</em></strong></span> <span class='ocrx_word' id='word_1_192' title='bbox 246 2962 333 3028; x_wconf 77' lang='grc' dir='ltr'><strong><em>οὕτω</em></strong></span> <span class='ocrx_word' id='word_1_193' title='bbox 353 2963 557 3038; x_wconf 84' lang='grc' dir='ltr'><strong><em>δικαιεῦντος</em></strong></span> <span class='ocrx_word' id='word_1_194' title='bbox 575 2961 727 3044; x_wconf 80' lang='grc' dir='ltr'><strong><em>ἀντέλεγε</em></strong></span> <span class='ocrx_word' id='word_1_195' title='bbox 745 2959 866 3044; x_wconf 85' lang='grc' dir='ltr'><strong><em>οὐδείς,</em></strong></span> <span class='ocrx_word' id='word_1_196' title='bbox 885 2961 968 3026; x_wconf 80' lang='grc' dir='ltr'><strong><em>ὥστε</em></strong></span> <span class='ocrx_word' id='word_1_197' title='bbox 986 2959 1115 3046; x_wconf 81' lang='grc' dir='ltr'><strong><em>ἐκράτεε</em></strong></span> 
     </span>
     <span class='ocr_line' id='line_1_27' title="bbox 112 3061 1117 3154; baseline -0.002 -21"><span class='ocrx_word' id='word_1_198' title='bbox 112 3077 155 3153; x_wconf 76' lang='grc' dir='ltr'><strong><em>τῇ</em></strong></span> <span class='ocrx_word' id='word_1_199' title='bbox 178 3070 306 3154; x_wconf 83' lang='grc' dir='ltr'><strong><em>γνώμη·</em></strong></span> <span class='ocrx_word' id='word_1_200' title='bbox 334 3069 371 3133; x_wconf 86' lang='grc' dir='ltr'><strong><em>τὸ</em></strong></span> <span class='ocrx_word' id='word_1_201' title='bbox 398 3069 462 3153; x_wconf 83' lang='grc' dir='ltr'><strong><em>γάρ</em></strong></span> <span class='ocrx_word' id='word_1_202' title='bbox 485 3067 602 3152; x_wconf 90' lang='grc' dir='ltr'><strong><em>κράτος</em></strong></span> <span class='ocrx_word' id='word_1_203' title='bbox 624 3061 768 3151; x_wconf 75' lang='grc' dir='ltr'><strong><em>εἶχετῆς</em></strong></span> <span class='ocrx_word' id='word_1_204' title='bbox 791 3074 943 3152; x_wconf 80' lang='grc' dir='ltr'><strong><em>στρατιῆς</em></strong></span> <span class='ocrx_word' id='word_1_205' title='bbox 966 3061 1063 3142; x_wconf 86' lang='grc' dir='ltr'><strong><em>οὗτος</em></strong></span> <span class='ocrx_word' id='word_1_206' title='bbox 1081 3065 1117 3132; x_wconf 87' lang='grc' dir='ltr'><strong><em>ἐκ</em></strong></span> 
     </span>
     <span class='ocr_line' id='line_1_28' title="bbox 114 3167 1116 3259; baseline -0.003 -20"><span class='ocrx_word' id='word_1_207' title='bbox 114 3173 283 3259; x_wconf 90' lang='grc' dir='ltr'><strong><em>βασιλέος,</em></strong></span> <span class='ocrx_word' id='word_1_208' title='bbox 316 3171 386 3239; x_wconf 80' lang='grc' dir='ltr'><strong><em>ἀλλ’</em></strong></span> <span class='ocrx_word' id='word_1_209' title='bbox 420 3173 481 3238; x_wconf 86' lang='grc' dir='ltr'><strong><em>οὐκ</em></strong></span> <span class='ocrx_word' id='word_1_210' title='bbox 507 3172 707 3257; x_wconf 81' lang='grc' dir='ltr'><strong><em>Ἀρτάβαζος.</em></strong></span> <span class='ocrx_word' id='word_1_211' title='bbox 752 3172 1042 3256; x_wconf 73' lang='grc' dir='ltr'><strong><em>μεταπεμψάμενος</em></strong></span> <span class='ocrx_word' id='word_1_212' title='bbox 1069 3167 1116 3237; x_wconf 82' lang='grc' dir='ltr'><strong><em>ὧν</em></strong></span> 
     </span>
     <span class='ocr_line' id='line_1_29' title="bbox 114 3271 1116 3365; baseline -0.002 -20"><span class='ocrx_word' id='word_1_213' title='bbox 114 3282 196 3357; x_wconf 87' lang='grc' dir='ltr'><strong><em>τοὺς</em></strong></span> <span class='ocrx_word' id='word_1_214' title='bbox 225 3279 420 3365; x_wconf 83' lang='grc' dir='ltr'><strong><em>ταξιάρχους</em></strong></span> <span class='ocrx_word' id='word_1_215' title='bbox 450 3288 517 3344; x_wconf 81' lang='grc' dir='ltr'><strong><em>τῶν</em></strong></span> <span class='ocrx_word' id='word_1_216' title='bbox 549 3277 669 3343; x_wconf 83' lang='grc' dir='ltr'><strong><em>τελέαν</em></strong></span> <span class='ocrx_word' id='word_1_217' title='bbox 704 3274 759 3342; x_wconf 79' lang='grc' dir='ltr'><strong><em>καὶ</em></strong></span> <span class='ocrx_word' id='word_1_218' title='bbox 789 3287 856 3342; x_wconf 80' lang='grc' dir='ltr'><strong><em>τῶν</em></strong></span> <span class='ocrx_word' id='word_1_219' title='bbox 887 3271 955 3362; x_wconf 88' lang='grc' dir='ltr'><strong><em>μετ’</em></strong></span> <span class='ocrx_word' id='word_1_220' title='bbox 991 3275 1116 3343; x_wconf 79' lang='grc' dir='ltr'><strong><em>ἑαυτοῦ</em></strong></span> 
     </span>
     <span class='ocr_line' id='line_1_30' title="bbox 117 3383 1117 3469; baseline -0.004 -17"><span class='ocrx_word' id='word_1_221' title='bbox 117 3385 242 3452; x_wconf 85' lang='grc' dir='ltr'><strong><em>ἐόντων</em></strong></span> <span class='ocrx_word' id='word_1_222' title='bbox 260 3383 428 3469; x_wconf 77' lang='grc' dir='ltr'><strong><em>Ἑλλήνων</em></strong></span> <span class='ocrx_word' id='word_1_223' title='bbox 450 3386 529 3462; x_wconf 85' lang='grc' dir='ltr'><strong><em>τοὺς</em></strong></span> <span class='ocrx_word' id='word_1_224' title='bbox 547 3385 749 3469; x_wconf 85' lang='grc' dir='ltr'><strong><em>στρατηγοὺς</em></strong></span> <span class='ocrx_word' id='word_1_225' title='bbox 767 3384 884 3468; x_wconf 84' lang='grc' dir='ltr'><strong><em>είρώτα</em></strong></span> <span class='ocrx_word' id='word_1_226' title='bbox 903 3389 937 3449; x_wconf 83' lang='grc' dir='ltr'><strong><em>ελ</em></strong></span> <span class='ocrx_word' id='word_1_227' title='bbox 949 3407 981 3448; x_wconf 89' lang='grc' dir='ltr'><strong><em>τι</em></strong></span> <span class='ocrx_word' id='word_1_228' title='bbox 999 3384 1117 3448; x_wconf 85' lang='grc' dir='ltr'><strong><em>είδεῑεν</em></strong></span> 
     </span>
     <span class='ocr_line' id='line_1_31' title="bbox 117 3488 1116 3576; baseline -0.003 -19"><span class='ocrx_word' id='word_1_229' title='bbox 117 3493 234 3574; x_wconf 79' lang='grc' dir='ltr'><strong><em>λόγιον</em></strong></span> <span class='ocrx_word' id='word_1_230' title='bbox 256 3489 331 3576; x_wconf 84' lang='grc' dir='ltr'><strong><em>περὶ</em></strong></span> <span class='ocrx_word' id='word_1_231' title='bbox 350 3490 507 3576; x_wconf 84' lang='grc' dir='ltr'><strong><em>Περσέων</em></strong></span> <span class='ocrx_word' id='word_1_232' title='bbox 530 3490 574 3567; x_wconf 81' lang='grc' dir='ltr'><strong><em>ὡς</em></strong></span> <span class='ocrx_word' id='word_1_233' title='bbox 593 3489 850 3576; x_wconf 77' lang='grc' dir='ltr'><strong><em>διαφθερέονται</em></strong></span> <span class='ocrx_word' id='word_1_234' title='bbox 868 3489 904 3556; x_wconf 91' lang='grc' dir='ltr'><strong><em>ἐν</em></strong></span> <span class='ocrx_word' id='word_1_235' title='bbox 922 3497 962 3576; x_wconf 75' lang='grc' dir='ltr'><strong><em>τῇ</em></strong></span> <span class='ocrx_word' id='word_1_236' title='bbox 975 3488 1116 3556; x_wconf 85' lang='grc' dir='ltr'><strong><em>Ἑλλάδι.</em></strong></span> 
     </span>
    </p>
   </div>
   <div class='ocr_carea' id='block_1_3' title="bbox 0 0 1324 3970">
    <p class='ocr_par' dir='ltr' id='par_1_3' title="bbox 0 0 1324 3970">
     <span class='ocr_line' id='line_1_32' title="bbox 0 0 1324 3970; baseline 0 0"><span class='ocrx_word' id='word_1_237' title='bbox 0 0 1324 3970; x_wconf 95' lang='lat' dir='ltr'><strong><em> </em></strong></span> 
     </span>
    </p>
   </div>
  </div>
 </body>
</html>
