2678 3970
249 333 312 398 150
537 275 542 286 ⁵
656 326 843 384 ετεοοοοι

247 479 277 544 εί
293 477 355 562 γάρ
375 476 416 560 δή
435 475 639 558 ἐπιφοιτήσει
656 497 694 557 γε
716 471 889 558 συνεχέως,
908 475 1012 558 φαίην
1026 471 1068 538 ἀν
1081 469 1135 537 καὶ
1149 471 1251 549 αὐτὸς

245 589 343 647 θείου
366 576 459 646 εἶναι.
505 582 536 645 εί
557 579 597 645 δέ
616 602 667 643 τοι
695 579 781 644 οὕτω
809 579 982 662 δεδόκηται
1010 582 1167 662 γίνεσθαι
1194 576 1250 643 καὶ

246 688 307 753 ούκ
324 679 378 753 οἷά
395 710 431 752 τε
449 687 528 753 αὐτὸ
547 683 762 771 παρατρέψαι,
781 683 852 750 ἀλλ’
874 687 938 769 ήδη
958 687 1011 751 δεῖ
1027 682 1082 771 ἐμὲ
1101 684 1138 750 ἐν
1154 687 1248 769 κοίτη

244 802 283 879 τῇ
307 803 348 880 σῇ
370 804 596 875 κατυπνῶσαι,
620 791 715 877 φέρε,
738 791 867 857 τούτων
888 791 922 870 ἐξ
946 791 1023 877 ἐμεῦ
1046 789 1250 876 ἐπιτελευμέ-

244 925 314 966 νων
337 903 475 986 φανήτω
498 897 553 964 καλ
575 898 656 983 ἐμοί.
697 895 791 983 μέχρι
814 895 851 964 δὲ
873 899 994 964 τούτου
1015 906 1055 984 τῇ
1077 898 1248 982 παρεούσῃ

194 1027 226 1076 1'1
245 1007 359 1092 γνώμη
382 1009 552 1092 χρήσομαι.
596 1013 740 1070 τοσαῦτα
763 1010 854 1081 εἴπας
873 1001 1085 1090 Ἀρτάβανος,
1110 1003 1249 1082 ἐλπίζων

244 1111 370 1198 Ξέρξην
404 1110 577 1190 ἀποδέξειν
604 1109 742 1204 λέγοντα
770 1107 886 1194 οὐδέν,
919 1110 1024 1176 ἐποίεε
1051 1111 1088 1175 τὸ
1117 1111 1245 1175 κελευό·

245 1238 362 1302 μενον·
395 1217 493 1294 ἐνδὺς
520 1213 557 1283 δέ
583 1217 643 1301 τήν
670 1214 798 1301 Ξέρξεω
821 1215 945 1301 έσθήτα
966 1213 1022 1281 καὶ
1045 1216 1193 1300 ἱζόμενος
1216 1215 1250 1292 ἐς

244 1324 303 1388 τὸν
326 1325 500 1407 βασιλήιον
522 1325 652 1406 θρόνον
675 1322 720 1398 ὡς
742 1323 822 1408 μετὰ
839 1331 942 1388 ταῦτα
959 1333 1073 1390 κοίτου
1092 1319 1247 1404 ἐποιέετο,

244 1424 331 1511 ήλθέ
361 1430 396 1494 οί
412 1427 667 1517 κατυπνωμένῳ
700 1427 805 1493 τώυτὸ
841 1429 974 1511 ὄνειρον
1005 1429 1042 1494 τὸ
1073 1424 1129 1493 καλ
1159 1429 1250 1512 παρὰ

245 1533 371 1620 Ξέρξην
390 1534 515 1620 ἐφοίτα,
535 1534 700 1622 ὑπερστὰν
719 1531 756 1600 δὲ
773 1543 834 1599 τοῦ
849 1529 1055 1620 Ἀρταβάνου
1073 1528 1142 1600 εἶπε
1155 1533 1248 1599 τάδε·

240 1630 320 1726 Ἀρα
352 1643 394 1706 σὺ
426 1643 468 1726 δή
497 1652 605 1718 κεῖνος
634 1636 680 1717 είς
707 1640 725 1706 ὁ
749 1639 968 1707 ἀποσπεύδων
994 1639 1121 1726 Ξέρξην
1149 1657 1249 1723 στρα·

244 1747 399 1812 τεύεσθαι
432 1744 484 1813 ἐπὶ
515 1748 575 1832 τήν
606 1746 743 1812 Ἑλλάδα
777 1746 821 1823 ὡς
848 1747 889 1831 δή
917 1748 1099 1832 κηδόμενος
1125 1746 1247 1826 αὐτούς

245 1847 316 1916 ἀλλ’
343 1853 419 1918 ούτε
447 1852 486 1930 ἐς
506 1854 543 1919 τὸ
571 1850 739 1937 μετέπειτα
762 1852 838 1918 οὔτε
861 1851 894 1928 ἐς
916 1853 953 1918 τὸ
975 1855 1160 1939 παραυτίκα
1181 1861 1248 1919 νῦν

244 1957 475 2046 καταπροΐξεαι
504 1959 702 2044 ἀποτρέπων
728 1959 765 2024 τὸ
794 1959 893 2044 χρεὸν
919 1956 1092 2042 γενέσθαι,
1120 1955 1248 2042 Ξέρξην
1327 1977 1328 1982 ’

245 2062 282 2130 δὲ
304 2066 344 2130 τά
374 2067 427 2132 δεῖ
451 2063 714 2149 ἀνηκουστέοντα
736 2070 873 2147 παθεῖν,
901 2063 989 2151 αὐτῷ
1013 2062 1127 2152 ἐκείνφ
1151 2066 1247 2148 δεδή-

194 2193 225 2241 18
245 2175 354 2235 λωται.
399 2172 502 2236 ταῦτά
532 2194 566 2237 τε
599 2172 640 2254 δή
673 2171 782 2237 ἐδόκεε
811 2166 1009 2256 Ἀρτάβανος
1043 2171 1081 2236 τὸ
1113 2170 1247 2256 ὄνειρον

244 2274 406 2341 ἀπειλέειν
429 2275 483 2342 καὶ
506 2283 662 2361 θερμοῖσι
685 2277 865 2361 σιδηρίοισι
888 2275 1029 2341 ἐκκαίειν
1048 2275 1153 2342 αὐτοῦ
1171 2276 1247 2361 μέλ-

244 2384 314 2444 λειν
336 2383 414 2457 τοὺς
437 2382 642 2465 ὀφθαλμούς.
678 2380 733 2447 καὶ
756 2382 792 2459 ὃς
814 2382 968 2467 ἀμβώσας
991 2379 1073 2466 μέγα
1092 2381 1248 2469 ἀναθρώ-

244 2502 314 2550 σκει
336 2484 390 2551 καὶ
412 2489 628 2571 παριζόμενος
650 2486 765 2574 Ξέρξη,
788 2487 833 2564 ὡς
854 2489 916 2571 τήν
939 2490 1019 2568 όψιν
1042 2489 1078 2553 οί
1092 2496 1153 2554 τοῦ
1171 2488 1247 2554 ἐνυ-

243 2595 343 2658 πνίου
371 2590 523 2676 διεξῆλθε
550 2592 787 2678 ἀπηγεόμενος,
816 2593 953 2680 δεύτερά
980 2593 1016 2660 οί
1040 2592 1127 2678 λέγει
1153 2593 1246 2660 τάδε·

240 2696 322 2783 Ἐγὼ
345 2697 422 2784 μέν,
446 2695 471 2764 ὦ
494 2702 645 2784 βασιλεῦ,
670 2691 724 2765 οἷα
746 2700 925 2786 ἀνθρωπος
948 2700 1031 2766 ίδὼν
1052 2701 1116 2784 ήδη
1139 2702 1247 2766 πολλά

242 2829 278 2871 τε
300 2803 354 2871 καλ
382 2806 506 2892 μεγάλα
532 2809 675 2872 πεσόντα
697 2809 870 2892 πρήγματα
898 2806 963 2872 ὑπὸ
985 2806 1154 2890 ἡσσόνων,
1184 2807 1247 2873 οὐκ
1316 2883 1317 2897 ¹

244 2914 308 2978 ἔων
339 2929 377 2978 σε
407 2913 448 2978 τά
478 2913 584 2978 πάντα
609 2921 649 2996 τή
676 2912 785 2999 ήλικίη
814 2918 928 2996 είκειν,
961 2912 1219 2999 ἐπιστάμενος
1201 2938 1247 2991 ως
1315 2911 1316 2942 ³

243 3020 345 3085 κακὸν
368 3024 417 3102 εἴη
440 3020 477 3084 τὸ
500 3024 633 3085 πολλῶν
657 3016 859 3103 ἐπιθυμέειν,
883 3017 1088 3104 μεμνημένος
1106 3016 1216 3104 μὲν
1185 3043 1247 3086 τον
1314 3017 1315 3065 ¹

243 3123 296 3189 έπλ
313 3124 534 3208 Μασσαγέτας
551 3127 668 3212 Κύρου
691 3127 810 3190 στόλον
826 3124 873 3201 ὡς
890 3124 1018 3210 ἐπρηξε,
1039 3124 1247 3211 μεμνημένος

245 3226 357 3294 δέκαλ
379 3232 438 3297 τὸν
462 3228 570 3298 έπἈ
538 3233 705 3307 Αἰθίοπας
727 3231 786 3296 τὸν
808 3231 1005 3315 Καμβύσεω,
1029 3235 1246 3317 συστρατευό-
1311 3257 1312 3315 η

243 3357 341 3418 μενος
364 3332 402 3400 δὲ
423 3333 478 3400 καλ
496 3341 629 3424 Δαρείῳ
653 3333 706 3402 ἐπὶ
724 3336 870 3414 Σκύθας.
908 3337 1121 3423 ἐπιστάμενος
1142 3347 1246 3404 ταῦτα
1310 3331 1311 3397 λ

242 3440 378 3523 γνώμην
406 3436 496 3525 εἶχον
525 3441 736 3528 ἀτρεμίζοντά
764 3458 800 3507 σε
827 3439 1087 3529 μακαριστὸν
1055 3467 1141 3510 ειναι
1163 3446 1247 3530 πρὸς

243 3546 376 3611 πάντων
395 3546 592 3633 ἀνθρώπων.
625 3544 694 3612 ἐπεὶ
713 3553 750 3612 δὲ
769 3549 923 3633 δαιμονίη
937 3571 987 3626 τις
1004 3552 1129 3632 γίνεται
1148 3549 1245 3637 ὁρμή,
1300 3629 1308 3647 1
