2572 3980
197 241 218 302 2
608 237 793 294 HERODOTI

197 379 263 448 ὧδε
290 382 431 466 ἐγένετο·
458 385 534 447 τότε
554 380 590 456 δὲ
613 383 746 465 ἀνδρῶν
769 382 907 466 ἀγαθῶν
930 380 1004 467 περὶ
1030 391 1088 465 της
1112 381 1200 447 ἐλευ-

196 490 313 572 θερίης
340 487 525 573 γινομένων
552 499 620 554 τῶν
647 491 841 573 Περινθίων
869 490 904 553 οί
928 487 1057 572 Πέρσαι
1084 511 1120 552 τε
1148 487 1200 553 καί

198 593 217 658 ὁ
239 594 433 677 Μεγάβαζος
455 594 678 680 ἐπεκράτησαν
699 596 828 676 πλήθεϊ.
873 594 917 670 ὡς
940 590 977 657 δὲ
999 593 1162 677 ἐχειρώθη
1181 595 1201 676 η

198 697 381 782 Πέρινθος,
409 702 533 782 ἤλαυνε
559 701 618 764 τὸν
645 700 785 783 στρατὸν
809 698 826 764 ό
850 699 1045 781 Μεγάβαζος
1067 701 1123 763 διὰ
1145 709 1203 782 τῆς

198 808 353 890 Θρηίκης,
376 814 484 869 πᾶσαν
507 807 606 869 πόλιν
628 801 684 884 καλ
705 813 771 867 πᾶν
790 807 890 880 ἔθνος
907 816 974 868 τῶν
991 805 1093 889 ταύτη
1112 807 1202 888 οίκη-

198 909 307 994 μένων
333 909 557 994 ἡμερούμενος
579 906 721 991 βασιλέϊ·
748 917 849 972 ταῦτα
871 909 934 992 γάρ
958 909 994 974 οί
1014 909 1203 975 ἐνετέταλτο

199 1015 235 1080 ἐκ
257 1019 421 1099 Δαρείου,
446 1018 594 1100 Θρηίκην
616 1013 911 1098 καταστρέφεσθαι.

164 1137 181 1185 3
287 1119 487 1184 ΘΡΗΙΚΩΝ
507 1115 543 1183 δέ
562 1121 662 1194 ἐθνος
679 1117 834 1202 μέγιστόν
848 1119 916 1184 ἐστι
929 1119 1008 1203 μετά
1021 1144 1059 1203 γε
1074 1117 1205 1198 Ἰνδοὺς

198 1211 332 1292 πάντων
356 1227 555 1311 ἀνθρώπων.
592 1227 623 1290 εί
644 1222 681 1289 δὲ
703 1221 758 1288 ὑπ’
781 1223 855 1301 ἐνὸς
873 1227 1005 1308 ἄρχοιτο
1023 1225 1044 1309 ἢ
1063 1227 1203 1311 φρονέοι

198 1335 280 1398 κατά
306 1332 426 1414 τώυτό,
455 1333 583 1415 ἀμαγόυ
609 1326 639 1394 τ’
670 1329 712 1394 ἀν
740 1335 789 1411 εἴη
817 1329 871 1394 καί
894 1337 1004 1418 πολλῷ
1027 1331 1203 1416 κράτιστον

199 1439 331 1503 πάντων
363 1436 490 1502 ἐθνέων
522 1437 603 1500 κατὰ
634 1436 770 1519 γνώμην
801 1437 862 1520 τὴν
890 1437 980 1520 ἐμήν.
1025 1437 1107 1502 ἀλλά
1139 1439 1203 1522 γὰρ

199 1553 296 1609 τοῦτο
323 1545 449 1628 ἀπορόν
477 1559 538 1626 σφι
565 1539 619 1606 καὶ
646 1541 815 1626 ἀμήχανον
843 1545 887 1626 μή
913 1566 987 1608 κοτε
1015 1542 1203 1627 ἐγγένηται·

199 1648 263 1716 είσὶ
282 1650 322 1732 δὴ
338 1649 419 1712 κατὰ
431 1656 529 1713 τοῦτο
544 1647 708 1724 ἀσθενέες.
742 1647 908 1732 οὐνόματα
923 1643 954 1712 θ’
971 1651 1083 1732 ἔχουσι
1096 1651 1203 1714 πολλὰ

198 1757 280 1821 κατὰ
305 1754 413 1838 χώρας
441 1752 585 1834 ἕκαστοι,
613 1755 745 1837 νόμοισι
769 1751 805 1816 δέ
829 1748 922 1817 οὗτοι
945 1758 1203 1838 παραπλησίοισι

199 1862 317 1936 πάντες
329 1856 489 1944 χρέωνται
503 1860 584 1922 κατὰ
597 1858 713 1938 πάντα,
727 1858 813 1940 πλὴν
828 1856 955 1922 Γετέων
968 1856 1023 1922 καὶ
1040 1863 1203 1944 Τραυσῶν

163 1965 253 2032 4καλ
275 1976 342 2058 τῶν
364 1965 551 2047 κατύπερθε
573 1965 821 2049 Κρηστωναίων
844 1965 1029 2040 οἰκεόντων.
1073 1968 1203 2033 τούτων

200 2071 237 2139 δὲ
254 2074 294 2138 τά
312 2069 372 2158 μὲν
390 2069 488 2136 Γέται
507 2071 542 2136 οί
557 2070 811 2148 ἀθανατίζοντες
828 2079 968 2153 ποιεῦσι,
988 2075 1117 2155 είρηταί
1132 2095 1204 2157 μοι·

159 2257 161 2262 Α
203 2177 348 2260 Τραυσοὶ
385 2174 422 2241 δέ
455 2178 495 2240 τά
526 2172 587 2260 μὲν
618 2177 700 2240 ἀλλα
733 2174 840 2240 πάντα
871 2177 952 2241 κατὰ
982 2177 1084 2241 ταύτὰ
1115 2191 1205 2244 τοῖσι

200 2283 329 2346 ἀλλοισι
361 2281 476 2366 Θρήιξι
509 2280 723 2362 ἐπιτελέουσι,
757 2283 838 2345 κατὰ
870 2280 906 2346 δὲ
937 2283 996 2347 τὸν
1022 2285 1205 2368 γινόμενόν

200 2403 261 2470 σφι
287 2385 342 2450 καὶ
369 2387 611 2470 ἀπογινόμενον
639 2394 769 2450 ποιεῦσι
791 2388 918 2451 τοιάθε·Ι
944 2389 1002 2452 τὸν
1024 2384 1085 2472 μέν
1108 2393 1204 2474 γενό-

200 2515 302 2578 μενον
328 2494 547 2576 περιιζόμενοι
575 2492 610 2555 οί
629 2494 850 2576 προσήκοντες
872 2492 1124 2578 ὀλοφύρονται,
1140 2497 1205 2562 ὅσα

200 2621 258 2684 μιν
285 2597 338 2661 δεῖ
362 2595 465 2660 ἐπείτε
492 2594 622 2678 ἐγένετο
649 2597 833 2681 ἀναπλῆσαι
859 2599 957 2682 κακά,
986 2599 1206 2686 ἀνηγεόμενοι

199 2706 239 2770 τὰ
257 2703 453 2788 ἀνθρωπήια
470 2701 576 2766 πάντα
594 2702 712 2786 πάθεα,
731 2705 790 2768 τὸν
812 2700 842 2768 θ’
864 2703 1110 2789 ἀπογενόμενον
1128 2712 1203 2773 παί-

201 2809 309 2890 ζοντές
326 2833 361 2874 τε
378 2805 432 2872 καὶ
446 2806 602 2890 ἡδόμενοι
620 2817 662 2893 γῇ
679 2811 871 2894 κρύπτουσι,
891 2809 1094 2894 ἐπιλέγοντες
1112 2815 1205 2880 ὅσων

165 2926 308 2983 σκακῦυ
333 2913 588 2998 ἐξαπαλλαχθείς
611 2914 679 2980 ἐστι
702 2915 737 2980 ἐν
760 2915 847 3000 πάση
871 2916 1074 3004 εὐδαιμονίη.
1113 2921 1149 2984 οί
1165 2919 1204 2986 δὲ

200 3023 386 3104 κατύπερθε
403 3023 651 3104 Κρηστωναίων
668 3030 799 3086 ποιεῦσι
816 3021 940 3086 τοιάδε·
960 3027 1024 3108 ἔχει
1042 3037 1204 3108 γυναῖκας

200 3128 334 3202 ἕκαστος
355 3127 491 3203 πολλάς·
517 3125 614 3191 ἐπεάν
637 3121 684 3192 ὧν
706 3149 755 3203 τις
778 3127 887 3191 αὐτῶν
906 3128 1070 3216 ἀποθάνη,
1093 3135 1202 3216 κρίσις

199 3236 324 3316 γίνεται
344 3233 465 3316 μεγάλη
484 3243 551 3297 τῶν
565 3243 731 3316 γυναικῶν
750 3230 804 3297 καὶ
822 3237 931 3316 φίλων
949 3235 1089 3301 σπουδαί
1110 3240 1201 3323 ἰσχν-

201 3337 256 3420 ραὶ
278 3335 352 3420 περὶ
370 3340 478 3421 τοῦδε,
501 3340 572 3422 ἥτις
590 3338 716 3404 αὐτέων
735 3337 881 3422 ἐφιλέετο
900 3343 1039 3424 μάλιστα
1057 3343 1121 3408 ὑπὸ
1140 3353 1202 3408 τοῦ

200 3443 334 3528 ἀνδρός·
366 3443 387 3528 ἣ
420 3441 450 3509 δ’
486 3443 528 3510 ἀν
559 3451 660 3529 κριθῇ
687 3443 740 3508 καὶ
767 3452 904 3530 τιμηθῇ,
938 3447 1201 3532 ἐγκωμιασθεῖσα
