<?xml version="1.0" encoding="UTF-8"?>
<!DOCTYPE html PUBLIC "-//W3C//DTD XHTML 1.0 Transitional//EN"
    "http://www.w3.org/TR/xhtml1/DTD/xhtml1-transitional.dtd">
<html xmlns="http://www.w3.org/1999/xhtml" xml:lang="en" lang="en">
 <head>
  <title>
</title>
<meta http-equiv="Content-Type" content="text/html;charset=utf-8" />
  <meta name='ocr-system' content='tesseract 3.04.00' />
  <meta name='ocr-capabilities' content='ocr_page ocr_carea ocr_par ocr_line ocrx_word'/>
</head>
<body>
  <div class='ocr_page' id='page_1' title='image "./herodotihistori07herogoog_0170.png"; bbox 0 0 2640 3960; ppageno 0'>
   <div class='ocr_carea' id='block_1_1' title="bbox 404 281 1117 350">
    <p class='ocr_par' dir='ltr' id='par_1_1' title="bbox 404 281 1117 350">
     <span class='ocr_line' id='line_1_1' title="bbox 404 281 1117 350; baseline 0.021 -15"><span class='ocrx_word' id='word_1_1' title='bbox 404 281 530 338; x_wconf 77' lang='lat' dir='ltr'><strong>L13.v1.</strong></span> <span class='ocrx_word' id='word_1_2' title='bbox 568 283 644 339; x_wconf 76' lang='lat' dir='ltr'><strong>OAP.</strong></span> <span class='ocrx_word' id='word_1_3' title='bbox 664 289 802 338; x_wconf 82' lang='lat'>95-100.</span> <span class='ocrx_word' id='word_1_4' title='bbox 1053 284 1117 350; x_wconf 87' lang='grc'><strong><em>113</em></strong></span> 
     </span>
    </p>
   </div>
   <div class='ocr_carea' id='block_1_2' title="bbox 1 421 1116 740">
    <p class='ocr_par' dir='ltr' id='par_1_2' title="bbox 1 421 1116 740">
     <span class='ocr_line' id='line_1_2' title="bbox 1 421 1116 534; baseline 0.006 -47"><span class='ocrx_word' id='word_1_5' title='bbox 1 513 3 534; x_wconf 31' lang='lat'>³</span> <span class='ocrx_word' id='word_1_6' title='bbox 111 421 206 508; x_wconf 90' lang='grc' dir='ltr'><strong><em>μέχρι</em></strong></span> <span class='ocrx_word' id='word_1_7' title='bbox 233 423 311 508; x_wconf 86' lang='grc' dir='ltr'><strong><em>ἐμεῦ</em></strong></span> <span class='ocrx_word' id='word_1_8' title='bbox 337 432 516 492; x_wconf 81' lang='grc' dir='ltr'><strong><em>σεισθεῖσα.</em></strong></span> <span class='ocrx_word' id='word_1_9' title='bbox 561 423 735 492; x_wconf 76' lang='grc' dir='ltr'><strong><em>καὶτοῦτο</em></strong></span> <span class='ocrx_word' id='word_1_10' title='bbox 764 425 824 512; x_wconf 88' lang='grc' dir='ltr'><strong><em>μέν</em></strong></span> <span class='ocrx_word' id='word_1_11' title='bbox 857 426 1036 513; x_wconf 88' lang='grc' dir='ltr'><strong><em>κον.τέρας</em></strong></span> <span class='ocrx_word' id='word_1_12' title='bbox 1059 427 1116 494; x_wconf 84' lang='grc' dir='ltr'><strong><em>ἀν-</em></strong></span> 
     </span>
     <span class='ocr_line' id='line_1_3' title="bbox 110 531 1115 618; baseline 0.007 -25"><span class='ocrx_word' id='word_1_13' title='bbox 110 531 277 613; x_wconf 84' lang='grc' dir='ltr'><strong><em>θρώποισι</em></strong></span> <span class='ocrx_word' id='word_1_14' title='bbox 313 541 379 596; x_wconf 85' lang='grc' dir='ltr'><strong><em>τῶν</em></strong></span> <span class='ocrx_word' id='word_1_15' title='bbox 416 534 603 616; x_wconf 77' lang='grc' dir='ltr'><em>μελλόντων</em></span> <span class='ocrx_word' id='word_1_16' title='bbox 635 534 771 599; x_wconf 75' lang='grc' dir='ltr'><strong><em>ἔσεσθαι</em></strong></span> <span class='ocrx_word' id='word_1_17' title='bbox 807 544 917 598; x_wconf 85' lang='grc' dir='ltr'><strong><em>κακῶν</em></strong></span> <span class='ocrx_word' id='word_1_18' title='bbox 949 537 1064 618; x_wconf 82' lang='grc' dir='ltr'><strong><em>ἔφαινε</em></strong></span> <span class='ocrx_word' id='word_1_19' title='bbox 1096 533 1115 600; x_wconf 84' lang='grc' dir='ltr'>ὁ</span> 
     </span>
     <span class='ocr_line' id='line_1_4' title="bbox 1 634 1115 740; baseline 0.005 -42"><span class='ocrx_word' id='word_1_20' title='bbox 1 715 2 740; x_wconf 23' lang='lat'>¹</span> <span class='ocrx_word' id='word_1_21' title='bbox 111 637 199 711; x_wconf 90' lang='grc' dir='ltr'><strong><em>θεός.</em></strong></span> <span class='ocrx_word' id='word_1_22' title='bbox 250 634 302 700; x_wconf 82' lang='grc' dir='ltr'><strong><em>ἐπὶ</em></strong></span> <span class='ocrx_word' id='word_1_23' title='bbox 329 638 392 720; x_wconf 84' lang='grc' dir='ltr'><strong><em>γάρ</em></strong></span> <span class='ocrx_word' id='word_1_24' title='bbox 419 640 566 722; x_wconf 83' lang='grc' dir='ltr'><strong><em>Δαρείου</em></strong></span> <span class='ocrx_word' id='word_1_25' title='bbox 596 647 656 703; x_wconf 87' lang='grc' dir='ltr'><strong><em>τοῦ</em></strong></span> <span class='ocrx_word' id='word_1_26' title='bbox 681 635 874 715; x_wconf 74' lang='grc' dir='ltr'><strong><em>Ὑστάσπεος</em></strong></span> <span class='ocrx_word' id='word_1_27' title='bbox 902 637 956 704; x_wconf 77' lang='grc' dir='ltr'><strong><em>καὶ</em></strong></span> <span class='ocrx_word' id='word_1_28' title='bbox 988 637 1115 723; x_wconf 74' lang='grc' dir='ltr'><strong><em>Ξέρξεω</em></strong></span> 
     </span>
    </p>
   </div>
   <div class='ocr_carea' id='block_1_3' title="bbox 111 736 1116 830">
    <p class='ocr_par' dir='ltr' id='par_1_3' title="bbox 111 736 1116 830">
     <span class='ocr_line' id='line_1_5' title="bbox 111 736 1116 830; baseline 0.005 -26"><span class='ocrx_word' id='word_1_29' title='bbox 111 749 172 804; x_wconf 86' lang='grc' dir='ltr'><strong><em>τοῦ</em></strong></span> <span class='ocrx_word' id='word_1_30' title='bbox 194 743 343 826; x_wconf 78' lang='grc' dir='ltr'><strong><em>Δαρείου</em></strong></span> <span class='ocrx_word' id='word_1_31' title='bbox 367 739 421 806; x_wconf 80' lang='grc' dir='ltr'><strong><em>καὶ</em></strong></span> <span class='ocrx_word' id='word_1_32' title='bbox 437 736 647 826; x_wconf 78' lang='grc' dir='ltr'><strong><em>Ἀρτοξέρξεω</em></strong></span> <span class='ocrx_word' id='word_1_33' title='bbox 670 751 731 808; x_wconf 86' lang='grc' dir='ltr'><strong><em>τοῦ</em></strong></span> <span class='ocrx_word' id='word_1_34' title='bbox 749 741 893 828; x_wconf 74' lang='grc' dir='ltr'><strong><em>Ξέρξεω,</em></strong></span> <span class='ocrx_word' id='word_1_35' title='bbox 915 755 1017 830; x_wconf 92' lang='grc' dir='ltr'><strong><em>τριῶν</em></strong></span> <span class='ocrx_word' id='word_1_36' title='bbox 1040 745 1116 810; x_wconf 90' lang='grc' dir='ltr'><strong><em>τού-</em></strong></span> 
     </span>
    </p>
   </div>
   <div class='ocr_carea' id='block_1_4' title="bbox 6 845 1116 934">
    <p class='ocr_par' dir='ltr' id='par_1_4' title="bbox 6 845 1116 934">
     <span class='ocr_line' id='line_1_6' title="bbox 6 845 1116 934; baseline 0.003 -23"><span class='ocrx_word' id='word_1_37' title='bbox 6 913 20 926; x_wconf 58' lang='grc'>,</span> <span class='ocrx_word' id='word_1_38' title='bbox 111 871 178 912; x_wconf 91' lang='grc' dir='ltr'><strong><em>των</em></strong></span> <span class='ocrx_word' id='word_1_39' title='bbox 207 845 320 930; x_wconf 84' lang='grc' dir='ltr'><strong><em>ἐπεξής</em></strong></span> <span class='ocrx_word' id='word_1_40' title='bbox 349 846 504 931; x_wconf 77' lang='grc' dir='ltr'><strong><em>γενεέων,</em></strong></span> <span class='ocrx_word' id='word_1_41' title='bbox 535 847 664 931; x_wconf 79' lang='grc' dir='ltr'><strong><em>ἐγένετο</em></strong></span> <span class='ocrx_word' id='word_1_42' title='bbox 693 848 780 914; x_wconf 91' lang='grc' dir='ltr'><strong><em>πλέω</em></strong></span> <span class='ocrx_word' id='word_1_43' title='bbox 808 850 892 914; x_wconf 83' lang='grc' dir='ltr'><strong><em>κακὰ</em></strong></span> <span class='ocrx_word' id='word_1_44' title='bbox 921 858 961 934; x_wconf 75' lang='grc' dir='ltr'><strong><em>τῇ</em></strong></span> <span class='ocrx_word' id='word_1_45' title='bbox 984 845 1116 914; x_wconf 76' lang='grc' dir='ltr'><strong><em>Ἑλλάδι</em></strong></span> 
     </span>
    </p>
   </div>
   <div class='ocr_carea' id='block_1_5' title="bbox 109 949 1177 3462">
    <p class='ocr_par' dir='ltr' id='par_1_5' title="bbox 109 949 1117 1564">
     <span class='ocr_line' id='line_1_7' title="bbox 110 949 1116 1040; baseline 0.002 -22"><span class='ocrx_word' id='word_1_46' title='bbox 110 952 131 1036; x_wconf 87' lang='grc' dir='ltr'><strong><em>ή</em></strong></span> <span class='ocrx_word' id='word_1_47' title='bbox 160 949 213 1018; x_wconf 80' lang='grc' dir='ltr'><strong><em>ἐπὶ</em></strong></span> <span class='ocrx_word' id='word_1_48' title='bbox 239 958 342 1017; x_wconf 90' lang='grc' dir='ltr'><strong><em>είκοσι</em></strong></span> <span class='ocrx_word' id='word_1_49' title='bbox 370 953 470 1029; x_wconf 88' lang='grc' dir='ltr'><strong><em>άλλας</em></strong></span> <span class='ocrx_word' id='word_1_50' title='bbox 496 954 610 1036; x_wconf 81' lang='grc' dir='ltr'><strong><em>γενεὰς</em></strong></span> <span class='ocrx_word' id='word_1_51' title='bbox 636 955 694 1030; x_wconf 84' lang='grc' dir='ltr'><strong><em>τὰς</em></strong></span> <span class='ocrx_word' id='word_1_52' title='bbox 720 955 785 1040; x_wconf 86' lang='grc' dir='ltr'><strong><em>πρὸ</em></strong></span> <span class='ocrx_word' id='word_1_53' title='bbox 808 955 956 1040; x_wconf 84' lang='grc' dir='ltr'><strong><em>Δαρείου</em></strong></span> <span class='ocrx_word' id='word_1_54' title='bbox 982 951 1116 1038; x_wconf 88' lang='grc' dir='ltr'><strong><em>γενομέ-</em></strong></span> 
     </span>
     <span class='ocr_line' id='line_1_8' title="bbox 110 1054 1116 1145; baseline 0.001 -21"><span class='ocrx_word' id='word_1_55' title='bbox 110 1083 181 1141; x_wconf 90' lang='grc' dir='ltr'><strong><em>νας,</em></strong></span> <span class='ocrx_word' id='word_1_56' title='bbox 205 1059 246 1123; x_wconf 83' lang='grc' dir='ltr'><strong><em>τά</em></strong></span> <span class='ocrx_word' id='word_1_57' title='bbox 272 1054 332 1142; x_wconf 74' lang='grc' dir='ltr'><strong><em>μὲν</em></strong></span> <span class='ocrx_word' id='word_1_58' title='bbox 351 1057 414 1123; x_wconf 88' lang='grc' dir='ltr'><strong><em>άπὸ</em></strong></span> <span class='ocrx_word' id='word_1_59' title='bbox 435 1069 503 1123; x_wconf 88' lang='grc' dir='ltr'><strong><em>τῶν</em></strong></span> <span class='ocrx_word' id='word_1_60' title='bbox 527 1057 685 1143; x_wconf 86' lang='grc' dir='ltr'><strong><em>Περσέων</em></strong></span> <span class='ocrx_word' id='word_1_61' title='bbox 708 1060 791 1145; x_wconf 80' lang='grc' dir='ltr'><strong><em>αὐτή</em></strong></span> <span class='ocrx_word' id='word_1_62' title='bbox 813 1062 990 1143; x_wconf 89' lang='grc' dir='ltr'><strong><em>γενόμενα,</em></strong></span> <span class='ocrx_word' id='word_1_63' title='bbox 1017 1061 1057 1125; x_wconf 83' lang='grc' dir='ltr'><strong><em>τά</em></strong></span> <span class='ocrx_word' id='word_1_64' title='bbox 1080 1055 1116 1126; x_wconf 68' lang='grc' dir='ltr'><strong><em>δὲ</em></strong></span> 
     </span>
     <span class='ocr_line' id='line_1_9' title="bbox 111 1162 1116 1250; baseline 0.002 -22"><span class='ocrx_word' id='word_1_65' title='bbox 111 1162 166 1228; x_wconf 86' lang='grc' dir='ltr'><strong><em>ἀπ’</em></strong></span> <span class='ocrx_word' id='word_1_66' title='bbox 194 1162 305 1227; x_wconf 82' lang='grc' dir='ltr'><strong><em>αὐτῶν</em></strong></span> <span class='ocrx_word' id='word_1_67' title='bbox 332 1172 399 1227; x_wconf 88' lang='grc' dir='ltr'><strong><em>τῶν</em></strong></span> <span class='ocrx_word' id='word_1_68' title='bbox 421 1166 617 1246; x_wconf 90' lang='grc' dir='ltr'><strong><em>κορυφαίων</em></strong></span> <span class='ocrx_word' id='word_1_69' title='bbox 639 1162 714 1250; x_wconf 81' lang='grc' dir='ltr'><strong><em>περὶ</em></strong></span> <span class='ocrx_word' id='word_1_70' title='bbox 737 1173 795 1248; x_wconf 84' lang='grc' dir='ltr'><strong><em>τῆς</em></strong></span> <span class='ocrx_word' id='word_1_71' title='bbox 818 1164 918 1250; x_wconf 81' lang='grc' dir='ltr'><strong><em>ἀρχῆς</em></strong></span> <span class='ocrx_word' id='word_1_72' title='bbox 940 1167 1116 1249; x_wconf 89' lang='grc' dir='ltr'><strong><em>πολεμεόν-</em></strong></span> 
     </span>
     <span class='ocr_line' id='line_1_10' title="bbox 109 1262 1117 1355; baseline 0.001 -21"><span class='ocrx_word' id='word_1_73' title='bbox 109 1293 187 1335; x_wconf 85' lang='grc' dir='ltr'><strong><em>των.</em></strong></span> <span class='ocrx_word' id='word_1_74' title='bbox 225 1269 311 1334; x_wconf 78' lang='grc' dir='ltr'><strong><em>ούτω</em></strong></span> <span class='ocrx_word' id='word_1_75' title='bbox 336 1263 436 1333; x_wconf 73' lang='grc' dir='ltr'><strong><em>οὐδὲν</em></strong></span> <span class='ocrx_word' id='word_1_76' title='bbox 454 1262 497 1351; x_wconf 79' lang='grc' dir='ltr'><strong><em>ἦν</em></strong></span> <span class='ocrx_word' id='word_1_77' title='bbox 520 1267 625 1346; x_wconf 73' lang='grc' dir='ltr'><strong><em>ἀεικές</em></strong></span> <span class='ocrx_word' id='word_1_78' title='bbox 646 1277 827 1354; x_wconf 79' lang='grc' dir='ltr'><strong><em>κινηθῆναι</em></strong></span> <span class='ocrx_word' id='word_1_79' title='bbox 845 1275 960 1354; x_wconf 82' lang='grc' dir='ltr'><strong><em>Δήλου</em></strong></span> <span class='ocrx_word' id='word_1_80' title='bbox 982 1271 1019 1334; x_wconf 90' lang='grc' dir='ltr'><strong><em>τὸ</em></strong></span> <span class='ocrx_word' id='word_1_81' title='bbox 1036 1267 1117 1355; x_wconf 77' lang='grc' dir='ltr'><strong><em>πρὶν</em></strong></span> 
     </span>
     <span class='ocr_line' id='line_1_11' title="bbox 112 1370 1117 1463; baseline -0.001 -22"><span class='ocrx_word' id='word_1_82' title='bbox 112 1375 235 1441; x_wconf 87' lang='grc' dir='ltr'><strong><em>έοῦσαν</em></strong></span> <span class='ocrx_word' id='word_1_83' title='bbox 265 1373 430 1456; x_wconf 86' lang='grc' dir='ltr'><strong><em>ἀκίνητον.</em></strong></span> <span class='ocrx_word' id='word_1_84' title='bbox 487 1371 553 1455; x_wconf 81' lang='grc' dir='ltr'><strong><em>[καί</em></strong></span> <span class='ocrx_word' id='word_1_85' title='bbox 585 1375 621 1440; x_wconf 88' lang='grc' dir='ltr'><strong><em>έν</em></strong></span> <span class='ocrx_word' id='word_1_86' title='bbox 653 1383 788 1463; x_wconf 75' lang='grc' dir='ltr'><strong><em>χρησμῷ</em></strong></span> <span class='ocrx_word' id='word_1_87' title='bbox 816 1370 859 1458; x_wconf 82' lang='grc' dir='ltr'><strong><em>ήν</em></strong></span> <span class='ocrx_word' id='word_1_88' title='bbox 888 1373 1117 1459; x_wconf 89' lang='grc' dir='ltr'><strong><em>γεγραμμένον</em></strong></span> 
     </span>
     <span class='ocr_line' id='line_1_12' title="bbox 111 1473 413 1564; baseline -0.007 -18"><span class='ocrx_word' id='word_1_89' title='bbox 111 1479 187 1564; x_wconf 85' lang='grc' dir='ltr'><strong><em>περὶ</em></strong></span> <span class='ocrx_word' id='word_1_90' title='bbox 211 1478 311 1562; x_wconf 83' lang='grc' dir='ltr'><strong><em>αὐτῆς</em></strong></span> <span class='ocrx_word' id='word_1_91' title='bbox 334 1473 413 1544; x_wconf 77' lang='grc' dir='ltr'><strong><em>ὧδε·</em></strong></span> 
     </span>
    </p>

    <p class='ocr_par' dir='ltr' id='par_1_6' title="bbox 112 1581 1177 3462">
     <span class='ocr_line' id='line_1_13' title="bbox 223 1581 992 1672; baseline 0 -22"><span class='ocrx_word' id='word_1_92' title='bbox 223 1585 358 1666; x_wconf 89' lang='grc' dir='ltr'><strong><em>Κινήσω</em></strong></span> <span class='ocrx_word' id='word_1_93' title='bbox 382 1581 437 1648; x_wconf 84' lang='grc' dir='ltr'><strong><em>καὶ</em></strong></span> <span class='ocrx_word' id='word_1_94' title='bbox 459 1589 574 1667; x_wconf 87' lang='grc' dir='ltr'><strong><em>Δήλου</em></strong></span> <span class='ocrx_word' id='word_1_95' title='bbox 597 1583 753 1669; x_wconf 87' lang='grc' dir='ltr'><strong><em>ἀκίνητόν</em></strong></span> <span class='ocrx_word' id='word_1_96' title='bbox 776 1607 837 1672; x_wconf 88' lang='grc' dir='ltr'><strong><em>περ</em></strong></span> <span class='ocrx_word' id='word_1_97' title='bbox 862 1585 992 1651; x_wconf 88' lang='grc' dir='ltr'><strong><em>ἐοῦσαν.</em></strong></span> 
     </span>
     <span class='ocr_line' id='line_1_14' title="bbox 113 1686 1117 1774; baseline 0 -18"><span class='ocrx_word' id='word_1_98' title='bbox 113 1693 254 1757; x_wconf 77' lang='grc' dir='ltr'><strong><em>δύναται</em></strong></span> <span class='ocrx_word' id='word_1_99' title='bbox 285 1686 322 1756; x_wconf 75' lang='grc' dir='ltr'><strong><em>δὲ</em></strong></span> <span class='ocrx_word' id='word_1_100' title='bbox 353 1691 435 1755; x_wconf 83' lang='grc' dir='ltr'><strong><em>κατὰ</em></strong></span> <span class='ocrx_word' id='word_1_101' title='bbox 461 1687 604 1756; x_wconf 76' lang='grc' dir='ltr'><strong><em>Ἑλλάδα</em></strong></span> <span class='ocrx_word' id='word_1_102' title='bbox 634 1691 788 1774; x_wconf 85' lang='grc' dir='ltr'><strong><em>γλῶσσαν</em></strong></span> <span class='ocrx_word' id='word_1_103' title='bbox 819 1700 922 1756; x_wconf 85' lang='grc' dir='ltr'><strong><em>ταῦτα</em></strong></span> <span class='ocrx_word' id='word_1_104' title='bbox 953 1692 993 1756; x_wconf 82' lang='grc' dir='ltr'><strong><em>τὰ</em></strong></span> <span class='ocrx_word' id='word_1_105' title='bbox 1020 1689 1117 1757; x_wconf 79' lang='grc' dir='ltr'><strong><em>ούνό·</em></strong></span> 
     </span>
     <span class='ocr_line' id='line_1_15' title="bbox 113 1793 1118 1882; baseline 0.001 -21"><span class='ocrx_word' id='word_1_106' title='bbox 113 1819 209 1881; x_wconf 85' lang='grc' dir='ltr'><strong><em>ματα,</em></strong></span> <span class='ocrx_word' id='word_1_107' title='bbox 224 1799 367 1881; x_wconf 77' lang='grc' dir='ltr'><strong><em>Δαρεῖος</em></strong></span> <span class='ocrx_word' id='word_1_108' title='bbox 382 1793 498 1881; x_wconf 88' lang='grc' dir='ltr'><strong><em>ἐρξίης,</em></strong></span> <span class='ocrx_word' id='word_1_109' title='bbox 515 1795 638 1880; x_wconf 75' lang='grc' dir='ltr'><strong><em>,Ξέρξης</em></strong></span> <span class='ocrx_word' id='word_1_110' title='bbox 655 1795 779 1882; x_wconf 81' lang='grc' dir='ltr'><strong><em>ἀρήιος,</em></strong></span> <span class='ocrx_word' id='word_1_111' title='bbox 795 1793 1004 1882; x_wconf 80' lang='grc' dir='ltr'><strong><em>Ἀρτοξέρξης</em></strong></span> <span class='ocrx_word' id='word_1_112' title='bbox 1017 1795 1118 1881; x_wconf 87' lang='grc' dir='ltr'><strong><em>μέγας</em></strong></span> 
     </span>
     <span class='ocr_line' id='line_1_16' title="bbox 113 1895 1118 1987; baseline 0 -21"><span class='ocrx_word' id='word_1_113' title='bbox 113 1901 238 1987; x_wconf 80' lang='grc' dir='ltr'><strong><em>ἀρήιος.</em></strong></span> <span class='ocrx_word' id='word_1_114' title='bbox 270 1901 412 1976; x_wconf 83' lang='grc' dir='ltr'><strong><em>τούτους</em></strong></span> <span class='ocrx_word' id='word_1_115' title='bbox 434 1896 494 1984; x_wconf 75' lang='grc' dir='ltr'><strong><em>μὲν</em></strong></span> <span class='ocrx_word' id='word_1_116' title='bbox 518 1901 558 1984; x_wconf 78' lang='grc' dir='ltr'><strong><em>δή</em></strong></span> <span class='ocrx_word' id='word_1_117' title='bbox 581 1903 659 1976; x_wconf 85' lang='grc' dir='ltr'><strong><em>τοὺς</em></strong></span> <span class='ocrx_word' id='word_1_118' title='bbox 681 1899 836 1983; x_wconf 78' lang='grc' dir='ltr'><strong><em>βασιλέας</em></strong></span> <span class='ocrx_word' id='word_1_119' title='bbox 859 1895 923 1966; x_wconf 75' lang='grc' dir='ltr'><strong><em>ὧδε</em></strong></span> <span class='ocrx_word' id='word_1_120' title='bbox 946 1899 988 1965; x_wconf 82' lang='grc' dir='ltr'><strong><em>ἀν</em></strong></span> <span class='ocrx_word' id='word_1_121' title='bbox 1007 1900 1118 1986; x_wconf 88' lang='grc' dir='ltr'><strong><em>ὀρθῶς</em></strong></span> 
     </span>
     <span class='ocr_line' id='line_1_17' title="bbox 113 1997 1177 2092; baseline 0 -20"><span class='ocrx_word' id='word_1_122' title='bbox 113 2009 195 2074; x_wconf 78' lang='grc' dir='ltr'><strong><em>κατὰ</em></strong></span> <span class='ocrx_word' id='word_1_123' title='bbox 217 1997 370 2091; x_wconf 90' lang='grc' dir='ltr'><strong><em>γλῶσσαν</em></strong></span> <span class='ocrx_word' id='word_1_124' title='bbox 388 2007 448 2090; x_wconf 84' lang='grc' dir='ltr'><strong><em>τήν</em></strong></span> <span class='ocrx_word' id='word_1_125' title='bbox 466 2004 631 2092; x_wconf 82' lang='grc' dir='ltr'><strong><em>σφετέρην</em></strong></span> <span class='ocrx_word' id='word_1_126' title='bbox 646 2004 802 2090; x_wconf 86' lang='grc' dir='ltr'><strong><em>Ἕλληνες</em></strong></span> <span class='ocrx_word' id='word_1_127' title='bbox 819 2004 992 2086; x_wconf 78' lang='grc' dir='ltr'><strong><em>καλέοιεν]</em></strong></span> <span class='ocrx_word' id='word_1_128' title='bbox 1030 2007 1065 2071; x_wconf 83' lang='grc' dir='ltr'><strong><em>οί</em></strong></span> <span class='ocrx_word' id='word_1_129' title='bbox 1081 2003 1117 2072; x_wconf 77' lang='grc' dir='ltr'><strong><em>δέ</em></strong></span> <span class='ocrx_word' id='word_1_130' title='bbox 1135 2024 1177 2072; x_wconf 72' lang='grc' dir='ltr'><strong><em>εν</em></strong></span> 
     </span>
     <span class='ocr_line' id='line_1_18' title="bbox 114 2112 1118 2200; baseline 0 -22"><span class='ocrx_word' id='word_1_131' title='bbox 114 2114 278 2200; x_wconf 90' lang='grc' dir='ltr'><strong><em>βάρβαροι</em></strong></span> <span class='ocrx_word' id='word_1_132' title='bbox 301 2113 344 2190; x_wconf 82' lang='grc' dir='ltr'><strong><em>ὡς</em></strong></span> <span class='ocrx_word' id='word_1_133' title='bbox 367 2113 527 2198; x_wconf 75' lang='grc' dir='ltr'><strong><em>ἀπήειραν</em></strong></span> <span class='ocrx_word' id='word_1_134' title='bbox 551 2112 586 2177; x_wconf 90' lang='grc' dir='ltr'><strong><em>ἐκ</em></strong></span> <span class='ocrx_word' id='word_1_135' title='bbox 608 2121 665 2196; x_wconf 77' lang='grc' dir='ltr'><strong><em>τῆς</em></strong></span> <span class='ocrx_word' id='word_1_136' title='bbox 681 2115 808 2195; x_wconf 91' lang='grc' dir='ltr'><strong><em>Δήλου,</em></strong></span> <span class='ocrx_word' id='word_1_137' title='bbox 831 2121 1014 2197; x_wconf 81' lang='grc' dir='ltr'><strong><em>προσῖσχον</em></strong></span> <span class='ocrx_word' id='word_1_138' title='bbox 1035 2113 1118 2198; x_wconf 87' lang='grc' dir='ltr'><strong><em>πρὸς</em></strong></span> 
     </span>
     <span class='ocr_line' id='line_1_19' title="bbox 112 2215 1117 2304; baseline 0 -20"><span class='ocrx_word' id='word_1_139' title='bbox 112 2221 171 2297; x_wconf 84' lang='grc' dir='ltr'><strong><em>τὰς</em></strong></span> <span class='ocrx_word' id='word_1_140' title='bbox 196 2222 335 2304; x_wconf 91' lang='grc' dir='ltr'><strong><em>νήσους,</em></strong></span> <span class='ocrx_word' id='word_1_141' title='bbox 367 2218 524 2285; x_wconf 80' lang='grc' dir='ltr'><strong><em>ἐνθεῦτεν</em></strong></span> <span class='ocrx_word' id='word_1_142' title='bbox 552 2215 589 2284; x_wconf 75' lang='grc' dir='ltr'><strong><em>δέ</em></strong></span> <span class='ocrx_word' id='word_1_143' title='bbox 615 2219 772 2304; x_wconf 89' lang='grc' dir='ltr'><strong><em>στρατιήν</em></strong></span> <span class='ocrx_word' id='word_1_144' title='bbox 798 2240 833 2284; x_wconf 92' lang='grc' dir='ltr'><strong><em>τε</em></strong></span> <span class='ocrx_word' id='word_1_145' title='bbox 862 2216 1117 2302; x_wconf 76' lang='grc' dir='ltr'><strong><em>παρελάμβανον</em></strong></span> 
     </span>
     <span class='ocr_line' id='line_1_20' title="bbox 113 2321 1118 2410; baseline -0.002 -20"><span class='ocrx_word' id='word_1_146' title='bbox 113 2322 169 2390; x_wconf 79' lang='grc' dir='ltr'><strong><em>καὶ</em></strong></span> <span class='ocrx_word' id='word_1_147' title='bbox 198 2325 343 2410; x_wconf 81' lang='grc' dir='ltr'><strong><em>ὁμήρους</em></strong></span> <span class='ocrx_word' id='word_1_148' title='bbox 375 2335 441 2390; x_wconf 88' lang='grc' dir='ltr'><strong><em>τῶν</em></strong></span> <span class='ocrx_word' id='word_1_149' title='bbox 467 2321 658 2408; x_wconf 79' lang='grc' dir='ltr'><strong><em>νησιωτέων</em></strong></span> <span class='ocrx_word' id='word_1_150' title='bbox 685 2324 805 2400; x_wconf 79' lang='grc' dir='ltr'><strong><em>παῖδας</em></strong></span> <span class='ocrx_word' id='word_1_151' title='bbox 832 2322 1028 2407; x_wconf 91' lang='grc' dir='ltr'><strong><em>ἐλάμβανον.</em></strong></span> <span class='ocrx_word' id='word_1_152' title='bbox 1074 2323 1118 2400; x_wconf 81' lang='grc' dir='ltr'><strong><em>ῶς</em></strong></span> 
     </span>
     <span class='ocr_line' id='line_1_21' title="bbox 115 2425 1117 2515; baseline -0.002 -19"><span class='ocrx_word' id='word_1_153' title='bbox 115 2427 153 2496; x_wconf 74' lang='grc' dir='ltr'><strong><em>δέ</em></strong></span> <span class='ocrx_word' id='word_1_154' title='bbox 175 2429 404 2514; x_wconf 83' lang='grc' dir='ltr'><strong><em>περιπλέοντες</em></strong></span> <span class='ocrx_word' id='word_1_155' title='bbox 430 2430 487 2504; x_wconf 82' lang='grc' dir='ltr'><strong><em>τὰς</em></strong></span> <span class='ocrx_word' id='word_1_156' title='bbox 515 2431 639 2512; x_wconf 92' lang='grc' dir='ltr'><strong><em>νήσους</em></strong></span> <span class='ocrx_word' id='word_1_157' title='bbox 665 2428 852 2514; x_wconf 84' lang='grc' dir='ltr'><strong><em>προσέσχον</em></strong></span> <span class='ocrx_word' id='word_1_158' title='bbox 874 2425 929 2494; x_wconf 83' lang='grc' dir='ltr'><strong><em>καὶ</em></strong></span> <span class='ocrx_word' id='word_1_159' title='bbox 952 2428 985 2506; x_wconf 81' lang='grc' dir='ltr'><strong><em>ές</em></strong></span> <span class='ocrx_word' id='word_1_160' title='bbox 1007 2429 1117 2515; x_wconf 84' lang='grc' dir='ltr'><strong><em>Κάρυ-</em></strong></span> 
     </span>
     <span class='ocr_line' id='line_1_22' title="bbox 114 2533 1118 2621; baseline -0.004 -19"><span class='ocrx_word' id='word_1_161' title='bbox 114 2552 196 2602; x_wconf 90' lang='grc' dir='ltr'><strong><em>στον</em></strong></span> <span class='ocrx_word' id='word_1_162' title='bbox 218 2535 273 2621; x_wconf 87' lang='grc' dir='ltr'><strong><em>(οὐ</em></strong></span> <span class='ocrx_word' id='word_1_163' title='bbox 295 2536 358 2619; x_wconf 83' lang='grc' dir='ltr'><strong><em>γάρ</em></strong></span> <span class='ocrx_word' id='word_1_164' title='bbox 382 2536 423 2618; x_wconf 83' lang='grc' dir='ltr'><strong><em>δή</em></strong></span> <span class='ocrx_word' id='word_1_165' title='bbox 446 2550 506 2618; x_wconf 86' lang='grc' dir='ltr'><strong><em>σφι</em></strong></span> <span class='ocrx_word' id='word_1_166' title='bbox 530 2533 565 2598; x_wconf 89' lang='grc' dir='ltr'><strong><em>οί</em></strong></span> <span class='ocrx_word' id='word_1_167' title='bbox 584 2534 767 2620; x_wconf 86' lang='grc' dir='ltr'><strong><em>Καρύστιοι</em></strong></span> <span class='ocrx_word' id='word_1_168' title='bbox 791 2534 866 2600; x_wconf 84' lang='grc' dir='ltr'><strong><em>οὔτε</em></strong></span> <span class='ocrx_word' id='word_1_169' title='bbox 889 2533 1034 2619; x_wconf 86' lang='grc' dir='ltr'><strong><em>ὁμήρους</em></strong></span> <span class='ocrx_word' id='word_1_170' title='bbox 1054 2535 1118 2599; x_wconf 80' lang='grc' dir='ltr'><strong><em>έύί-</em></strong></span> 
     </span>
     <span class='ocr_line' id='line_1_23' title="bbox 116 2636 1119 2723; baseline -0.006 -15"><span class='ocrx_word' id='word_1_171' title='bbox 116 2645 221 2708; x_wconf 81' lang='grc' dir='ltr'><strong><em>ὃοσαν</em></strong></span> <span class='ocrx_word' id='word_1_172' title='bbox 244 2641 320 2706; x_wconf 86' lang='grc' dir='ltr'><strong><em>ούτε</em></strong></span> <span class='ocrx_word' id='word_1_173' title='bbox 343 2642 470 2723; x_wconf 83' lang='grc' dir='ltr'><strong><em>ἔφασαν</em></strong></span> <span class='ocrx_word' id='word_1_174' title='bbox 493 2636 545 2704; x_wconf 79' lang='grc' dir='ltr'><strong><em>ἐπὶ</em></strong></span> <span class='ocrx_word' id='word_1_175' title='bbox 565 2641 681 2716; x_wconf 90' lang='grc' dir='ltr'><strong><em>πόλιας</em></strong></span> <span class='ocrx_word' id='word_1_176' title='bbox 699 2639 931 2721; x_wconf 80' lang='grc' dir='ltr'><strong><em>ἀστυγείτονας</em></strong></span> <span class='ocrx_word' id='word_1_177' title='bbox 949 2639 1119 2723; x_wconf 90' lang='grc' dir='ltr'><strong><em>στρατεύε-</em></strong></span> 
     </span>
     <span class='ocr_line' id='line_1_24' title="bbox 116 2741 1118 2830; baseline -0.006 -16"><span class='ocrx_word' id='word_1_178' title='bbox 116 2753 211 2830; x_wconf 92' lang='grc' dir='ltr'><strong><em>σθαι,</em></strong></span> <span class='ocrx_word' id='word_1_179' title='bbox 244 2745 395 2829; x_wconf 87' lang='grc' dir='ltr'><strong><em>λέγοντες</em></strong></span> <span class='ocrx_word' id='word_1_180' title='bbox 423 2741 591 2828; x_wconf 88' lang='grc' dir='ltr'><strong><em>Ἐρέτριάν</em></strong></span> <span class='ocrx_word' id='word_1_181' title='bbox 617 2766 652 2810; x_wconf 91' lang='grc' dir='ltr'><strong><em>τε</em></strong></span> <span class='ocrx_word' id='word_1_182' title='bbox 682 2741 737 2810; x_wconf 82' lang='grc' dir='ltr'><strong><em>καὶ</em></strong></span> <span class='ocrx_word' id='word_1_183' title='bbox 765 2741 938 2826; x_wconf 81' lang='grc' dir='ltr'><strong><em>Ἀθήνας),</em></strong></span> <span class='ocrx_word' id='word_1_184' title='bbox 971 2742 1118 2809; x_wconf 78' lang='grc' dir='ltr'><strong><em>ἐνθαῦτα</em></strong></span> 
     </span>
     <span class='ocr_line' id='line_1_25' title="bbox 115 2847 1117 2940; baseline -0.006 -21"><span class='ocrx_word' id='word_1_185' title='bbox 115 2855 254 2928; x_wconf 83' lang='grc' dir='ltr'><strong><em>τούτους</em></strong></span> <span class='ocrx_word' id='word_1_186' title='bbox 281 2851 491 2934; x_wconf 85' lang='grc' dir='ltr'><strong><em>ἐπολιόρκεόν</em></strong></span> <span class='ocrx_word' id='word_1_187' title='bbox 518 2872 552 2915; x_wconf 91' lang='grc' dir='ltr'><strong><em>τε</em></strong></span> <span class='ocrx_word' id='word_1_188' title='bbox 580 2847 633 2914; x_wconf 80' lang='grc' dir='ltr'><strong><em>καὶ</em></strong></span> <span class='ocrx_word' id='word_1_189' title='bbox 659 2850 721 2932; x_wconf 86' lang='grc' dir='ltr'><strong><em>τήν</em></strong></span> <span class='ocrx_word' id='word_1_190' title='bbox 748 2859 811 2932; x_wconf 85' lang='grc' dir='ltr'><strong><em>γήν</em></strong></span> <span class='ocrx_word' id='word_1_191' title='bbox 838 2848 951 2933; x_wconf 90' lang='grc' dir='ltr'><strong><em>σφέων</em></strong></span> <span class='ocrx_word' id='word_1_192' title='bbox 979 2851 1117 2940; x_wconf 80' lang='grc' dir='ltr'><strong><em>ἔκειρον,</em></strong></span> 
     </span>
     <span class='ocr_line' id='line_1_26' title="bbox 116 2949 1118 3040; baseline -0.006 -16"><span class='ocrx_word' id='word_1_193' title='bbox 116 2959 149 3036; x_wconf 96' lang='grc' dir='ltr'><strong><em>ἐς</em></strong></span> <span class='ocrx_word' id='word_1_194' title='bbox 176 2957 194 3024; x_wconf 88' lang='grc' dir='ltr'>ὃ</span> <span class='ocrx_word' id='word_1_195' title='bbox 221 2953 276 3022; x_wconf 82' lang='grc' dir='ltr'><strong><em>καὶ</em></strong></span> <span class='ocrx_word' id='word_1_196' title='bbox 303 2955 339 3022; x_wconf 67' lang='lat' dir='ltr'><strong><em>os</em></strong></span> <span class='ocrx_word' id='word_1_197' title='bbox 358 2956 540 3040; x_wconf 90' lang='grc' dir='ltr'><strong><em>Καρύστιοι</em></strong></span> <span class='ocrx_word' id='word_1_198' title='bbox 567 2954 776 3040; x_wconf 83' lang='grc' dir='ltr'><strong><em>παρέστησαν</em></strong></span> <span class='ocrx_word' id='word_1_199' title='bbox 806 2953 839 3030; x_wconf 85' lang='grc' dir='ltr'><strong><em>ές</em></strong></span> <span class='ocrx_word' id='word_1_200' title='bbox 864 2963 932 3016; x_wconf 88' lang='grc' dir='ltr'><strong><em>τῶν</em></strong></span> <span class='ocrx_word' id='word_1_201' title='bbox 959 2949 1118 3035; x_wconf 87' lang='grc' dir='ltr'><strong><em>Περσέων</em></strong></span> 
     </span>
     <span class='ocr_line' id='line_1_27' title="bbox 115 3057 1173 3148; baseline -0.003 -19"><span class='ocrx_word' id='word_1_202' title='bbox 115 3066 177 3148; x_wconf 84' lang='grc' dir='ltr'><strong><em>τήν</em></strong></span> <span class='ocrx_word' id='word_1_203' title='bbox 202 3063 348 3146; x_wconf 84' lang='grc' dir='ltr'><strong><em>γνώμην.</em></strong></span> <span class='ocrx_word' id='word_1_204' title='bbox 390 3057 566 3146; x_wconf 85' lang='grc' dir='ltr'><strong><em>Ἐρετριέες</em></strong></span> <span class='ocrx_word' id='word_1_205' title='bbox 594 3058 630 3125; x_wconf 77' lang='grc' dir='ltr'><strong><em>δὲ</em></strong></span> <span class='ocrx_word' id='word_1_206' title='bbox 652 3061 903 3141; x_wconf 75' lang='grc' dir='ltr'><strong><em>πυνθανόμενοι</em></strong></span> <span class='ocrx_word' id='word_1_207' title='bbox 929 3057 990 3140; x_wconf 88' lang='grc' dir='ltr'><strong><em>τήν</em></strong></span> <span class='ocrx_word' id='word_1_208' title='bbox 1013 3072 1109 3141; x_wconf 92' lang='grc' dir='ltr'><strong><em>στρα-</em></strong></span> <span class='ocrx_word' id='word_1_209' title='bbox 1120 3076 1173 3126; x_wconf 83' lang='grc'><strong><em>100</em></strong></span> 
     </span>
     <span class='ocr_line' id='line_1_28' title="bbox 114 3156 1118 3253; baseline -0.005 -19"><span class='ocrx_word' id='word_1_210' title='bbox 114 3171 190 3253; x_wconf 83' lang='grc' dir='ltr'><strong><em>τιήν</em></strong></span> <span class='ocrx_word' id='word_1_211' title='bbox 216 3169 278 3252; x_wconf 85' lang='grc' dir='ltr'><strong><em>τήν</em></strong></span> <span class='ocrx_word' id='word_1_212' title='bbox 301 3166 468 3251; x_wconf 83' lang='grc' dir='ltr'><strong><em>Περσικήν</em></strong></span> <span class='ocrx_word' id='word_1_213' title='bbox 491 3163 543 3231; x_wconf 78' lang='grc' dir='ltr'><strong><em>ἐπὶ</em></strong></span> <span class='ocrx_word' id='word_1_214' title='bbox 567 3163 670 3249; x_wconf 83' lang='grc' dir='ltr'><strong><em>σφέας</em></strong></span> <span class='ocrx_word' id='word_1_215' title='bbox 692 3162 911 3229; x_wconf 89' lang='grc' dir='ltr'><strong><em>έπιπλέονσαν</em></strong></span> <span class='ocrx_word' id='word_1_216' title='bbox 931 3156 1118 3246; x_wconf 79' lang='grc' dir='ltr'><strong><em>Ἀθηναίων</em></strong></span> 
     </span>
     <span class='ocr_line' id='line_1_29' title="bbox 116 3265 1119 3358; baseline -0.005 -17"><span class='ocrx_word' id='word_1_217' title='bbox 116 3276 304 3358; x_wconf 74' lang='grc' dir='ltr'><strong><em>ἐδεήθησαν</em></strong></span> <span class='ocrx_word' id='word_1_218' title='bbox 327 3275 422 3356; x_wconf 89' lang='grc' dir='ltr'><strong><em>σφίσι</em></strong></span> <span class='ocrx_word' id='word_1_219' title='bbox 445 3273 594 3354; x_wconf 86' lang='grc' dir='ltr'><strong><em>βοηθοὺς</em></strong></span> <span class='ocrx_word' id='word_1_220' title='bbox 610 3269 776 3354; x_wconf 88' lang='grc' dir='ltr'><strong><em>γενέσθαι.</em></strong></span> <span class='ocrx_word' id='word_1_221' title='bbox 809 3266 982 3352; x_wconf 72' lang='grc' dir='ltr'><strong><em>Ἀθηναῖοι</em></strong></span> <span class='ocrx_word' id='word_1_222' title='bbox 1003 3265 1039 3334; x_wconf 76' lang='grc' dir='ltr'><strong><em>δέ</em></strong></span> <span class='ocrx_word' id='word_1_223' title='bbox 1058 3269 1119 3336; x_wconf 83' lang='grc' dir='ltr'><strong><em>οὐκ</em></strong></span> 
     </span>
     <span class='ocr_line' id='line_1_30' title="bbox 116 3375 1120 3462; baseline -0.005 -16"><span class='ocrx_word' id='word_1_224' title='bbox 116 3381 296 3446; x_wconf 86' lang='grc' dir='ltr'><strong><em>ἀπείπαντο</em></strong></span> <span class='ocrx_word' id='word_1_225' title='bbox 322 3379 383 3461; x_wconf 85' lang='grc' dir='ltr'><strong><em>τήν</em></strong></span> <span class='ocrx_word' id='word_1_226' title='bbox 407 3376 613 3462; x_wconf 85' lang='grc' dir='ltr'><strong><em>ἐπικουρίην,</em></strong></span> <span class='ocrx_word' id='word_1_227' title='bbox 641 3375 722 3442; x_wconf 83' lang='grc' dir='ltr'><strong><em>ἀλλὰ</em></strong></span> <span class='ocrx_word' id='word_1_228' title='bbox 743 3376 822 3452; x_wconf 87' lang='grc' dir='ltr'><strong><em>τοὺς</em></strong></span> <span class='ocrx_word' id='word_1_229' title='bbox 843 3376 1120 3460; x_wconf 80' lang='grc' dir='ltr'><strong><em>τετρακισχιλίους</em></strong></span> 
     </span>
    </p>
   </div>
   <div class='ocr_carea' id='block_1_6' title="bbox 117 3480 1120 3640">
    <p class='ocr_par' dir='ltr' id='par_1_7' title="bbox 117 3480 1120 3640">
     <span class='ocr_line' id='line_1_31' title="bbox 117 3480 1120 3574; baseline -0.005 -23"><span class='ocrx_word' id='word_1_230' title='bbox 117 3483 224 3574; x_wconf 84' lang='grc' dir='ltr'><strong><em>(τοὺς)</em></strong></span> <span class='ocrx_word' id='word_1_231' title='bbox 246 3481 506 3568; x_wconf 84' lang='grc' dir='ltr'><strong><em>κληρουχέοντας</em></strong></span> <span class='ocrx_word' id='word_1_232' title='bbox 528 3493 595 3547; x_wconf 89' lang='grc' dir='ltr'><strong><em>τῶν</em></strong></span> <span class='ocrx_word' id='word_1_233' title='bbox 618 3480 822 3565; x_wconf 76' lang='grc' dir='ltr'><strong><em>ἱπποβοτέων</em></strong></span> <span class='ocrx_word' id='word_1_234' title='bbox 845 3480 1036 3548; x_wconf 74' lang='grc' dir='ltr'><strong><em>Χαλκιδέων</em></strong></span> <span class='ocrx_word' id='word_1_235' title='bbox 1057 3482 1120 3566; x_wconf 83' lang='grc' dir='ltr'><strong><em>τήν</em></strong></span> 
     </span>
     <span class='ocr_line' id='line_1_32' title="bbox 170 3589 908 3640; baseline -0.016 -1"><span class='ocrx_word' id='word_1_236' title='bbox 170 3599 265 3639; x_wconf 68' lang='grc' dir='ltr'><strong><em>Ηττον.</em></strong></span> <span class='ocrx_word' id='word_1_237' title='bbox 278 3598 309 3638; x_wconf 88' lang='grc' dir='ltr'><strong><em>ΙΙ.</em></strong></span> <span class='ocrx_word' id='word_1_238' title='bbox 892 3589 908 3640; x_wconf 79' lang='lat'>8</span> 
     </span>
    </p>
   </div>
   <div class='ocr_carea' id='block_1_7' title="bbox 0 0 1331 3960">
    <p class='ocr_par' dir='ltr' id='par_1_8' title="bbox 0 0 1331 3960">
     <span class='ocr_line' id='line_1_33' title="bbox 0 0 1331 3960; baseline 0 0"><span class='ocrx_word' id='word_1_239' title='bbox 0 0 1331 3960; x_wconf 95' lang='lat' dir='ltr'><strong><em> </em></strong></span> 
     </span>
    </p>
   </div>
  </div>
 </body>
</html>
