2678 3968
438 293 579 352 L13.V11.
617 295 692 350 OAP.
713 255 890 352 199-205.¹
985 351 990 356 .
1095 297 1162 362 235

157 440 313 523 Θηβαίων
344 442 557 525 τετρακόσιοι.
603 441 686 524 πρὸς
712 441 860 505 τούτοισι
887 440 1054 526 ἐπίκλητοι
1082 441 1213 526 έγέ-αοε

156 567 256 610 νοντο
279 549 408 631 Λοκροί
436 569 471 611 τε
504 547 539 611 οί
559 541 745 612 Ὀπούντιοι
772 556 974 632 πανστρατιῇ
1004 546 1059 613 καὶ
1089 553 1162 613 Φω-

156 651 241 717 κέων
272 655 401 736 χίλιοι.’
426 650 520 718 αὐτοὶ
551 653 614 737 γάρ
643 669 746 736 σφεας
773 653 808 716 οί
829 650 986 737 Ἕλληνες
1013 637 1163 720 ἐπεκαλέ-

156 773 275 840 σαντο,
307 756 458 841 λέγοντες
491 755 534 821 δι’
570 756 718 841 ἀγγέλων
755 758 799 835 ὡς
832 755 927 823 αὐτοὶ
959 754 1019 842 μὲν
1050 760 1163 842 ήκοιεν

156 865 341 950 πρόδρομοι
372 875 438 928 τῶν
466 865 591 946 ἀλλων,
624 864 659 928 οί
685 860 721 929 δὲ
748 861 859 930 λοιποὶ
887 875 954 929 τῶν
983 865 1163 950 συμμάχων

156 971 375 1055 προσδόκιμοι
402 977 511 1034 πᾶσαν
544 964 610 1034 εἶεν
637 967 780 1054 ἡμέρην,
807 969 828 1052 ή
856 969 1010 1035 θάλασσά
1039 969 1077 1035 τέ
1102 987 1163 1055 σφι

157 1083 221 1160 εἴη,
238 1076 275 1142 έν
307 1079 438 1160 φυλακή
469 1069 526 1141 ὑπ’
557 1070 746 1158 Ἀθηναίων
778 1098 813 1140 τε
845 1074 1075 1162 φρουρεομένη
1109 1075 1164 1140 καὶ

157 1181 364 1266 Αἰγινητέων
385 1179 440 1246 καὶ
462 1191 529 1246 τῶν
552 1180 585 1258 ἐς
607 1182 666 1246 τὸν
688 1181 847 1246 ναυτικὸν
866 1183 1007 1265 στρατὸν
1024 1181 1163 1266 ταχθέν-

156 1313 239 1373 των,
266 1292 325 1354 καί
348 1305 409 1372 σφι
437 1293 487 1373 είη
517 1289 629 1352 δεινὸν
657 1286 772 1353 οὐδέν·
805 1287 846 1352 οὐ
873 1289 936 1372 γάρ
963 1288 1047 1353 θεὸν
1077 1282 1163 1354 εἶναι

155 1398 216 1461 τὸν
239 1395 372 1461 ἐπιόντα
396 1391 448 1459 ἐπὶ
470 1394 532 1477 τήν
550 1391 692 1459 Ἑλλάδα
711 1390 781 1458 ἀλλ’
803 1395 997 1479 ἄνθρωπον,
1021 1387 1106 1458 εἶναι
1125 1391 1163 1458 δὲ

156 1503 284 1586 θνητὸν
307 1499 429 1566 οὐδένα
453 1495 533 1565 οὐδὲ
555 1503 691 1564 ἔσεσθαι
713 1507 758 1588 τῷ
782 1501 883 1564 κακὸν
902 1498 935 1577 ἐξ
953 1499 1054 1584 ἀρχής
1072 1523 1162 1582 γινο-

157 1607 245 1695 μένῳ
265 1607 306 1672 ού
320 1608 516 1691 συνεμίχθη,
534 1616 620 1670 τοῖσι
639 1602 676 1671 δὲ
694 1608 876 1690 μεγίστοισι
891 1605 1000 1668 αὐτῶν
1013 1603 1162 1689 μέγιστα·

158 1715 306 1798 ὀφείλειν
329 1707 376 1777 ὧν
404 1709 458 1776 καί
481 1713 540 1776 τὸν
563 1705 802 1792 ἐπελαύνοντα,
831 1711 875 1785 ὡς
902 1708 999 1775 ἐόντα
1021 1713 1162 1793 θνητόν,

156 1821 221 1885 ἀπὸ
254 1827 312 1902 τῆς
339 1816 436 1901 δόξης
463 1827 576 1881 πεσεῖν
606 1817 694 1897 [άν].
740 1817 775 1880 oc
800 1811 837 1880 δὲ
864 1824 965 1880 ταῦτα
993 1819 1163 1882 πυνθανό-

4 1925 22 1964 J·
93 1993 95 1998 Α
158 1949 252 2012 μενοι
279 1925 442 2006 ἐβοήθεον
469 1922 503 2000 ές
529 1929 589 2005 τήν
617 1925 770 2007 Τρηχῖνα.
815 1922 962 1986 τούτοισι
985 1917 1070 2005 ἦσαν
1093 1923 1153 2006 μέν
1164 1950 1216 1998 202

157 2056 222 2098 νυν
250 2028 304 2094 καί
333 2029 427 2094 ἀλλον
455 2025 632 2113 στρατηγοὶ
660 2028 742 2092 κατὰ
768 2029 863 2103 πόλις
891 2025 1050 2110 ἑκάστων,
1080 2028 1098 2093 ὁ
1127 2025 1163 2094 δὲ

157 2138 394 2221 θωμαζόμενος
425 2135 564 2220 μάλιστα
597 2131 652 2198 καὶ
685 2134 808 2209 παντὸς
833 2141 894 2197 τοῦ
924 2135 1164 2219 στρατεύματος
1194 2115 1196 2122 ,

157 2243 338 2326 ἡγεόμενος
360 2241 624 2325 Λακεδαιμόνιος
650 2234 693 2322 ἦν
716 2239 888 2322 Λεωνίδης
915 2234 1163 2325 δ’Λναξανδρί-

158 2351 223 2413 δεω
246 2357 307 2413 τοῦ
329 2345 475 2424 Λέοντος
497 2355 557 2412 τοῦ
580 2345 836 2430 Εὐρυκρατίδεω
860 2354 920 2410 τοῦ
939 2342 1164 2432 Ἀναξάνδρου

157 2463 219 2518 τοῦ
237 2453 467 2540 Εύρυκράτεος
487 2461 548 2518 τοῦ
566 2452 775 2536 Πολυδώρου
798 2460 858 2516 τοῦ
873 2446 1085 2537 Ἀλκαμένεος
1102 2462 1163 2518 τοῦ

163 2557 329 2646 Τηλέκλου
353 2569 414 2626 τοῦ
434 2553 591 2644 Ἀρχέλεω
612 2567 673 2624 τοῦ
693 2556 874 2642 Ἡγησίλεω
898 2567 957 2623 τοῦ
981 2561 1163 2644 Δορύσσου

157 2687 218 2734 του
236 2667 424 2750 Λεωβώτεω
446 2674 507 2731 τοῦ
526 2662 740 2750 Ἐχεστράτου
763 2673 824 2730 τοῦ
838 2663 956 2746 Ἤγιος
974 2673 1034 2730 τοῦ
1053 2663 1162 2749 Εὐρυ·

159 2771 297 2850 σθένεος
318 2781 378 2844 τοῦ,
393 2767 631 2856 Ἀριστοδήμου
648 2780 709 2836 τοῦ
724 2765 960 2856 Ἀριστομάχου
980 2777 1041 2834 τοῦ
1059 2772 1162 2834 Κλεο-

159 2881 257 2945 δαίου
279 2887 339 2944 τοῦ
353 2875 473 2944 ΗΤλλου
491 2885 551 2942 τοῦ
564 2874 753 2962 Ἡρακλέος,
772 2875 973 2960 κτησάμενος
990 2874 1051 2957 τήν
1070 2878 1162 2957 βασι-

158 2989 257 3070 ληίην
275 2985 312 3051 έν
326 2985 463 3070 Σπάρτη
484 2982 517 3062 ἐξ
535 2983 794 3068 ἀπροσδοκήτου.
827 2979 928 3058 διξῶν
948 2981 1012 3064 γάρ
1032 2980 1066 3044 οί
1082 2979 1152 3044 έόν-
1163 3003 1214 3052 ‘205

158 3116 225 3156 των
252 3089 485 3178 πρεσβυτέρων
512 3089 699 3174 ἀδελφεῶν,
722 3086 926 3172 Κλεομένεός
949 3109 983 3152 τε
1010 3084 1064 3151 καὶ
1086 3093 1162 3152 Δω·
1266 3083 1269 3089 ’

4 3161 5 3200 ³
91 3189 102 3214 '
159 3196 261 3281 ριέος,
294 3196 476 3280 ἀπελήλατο
504 3203 561 3278 τής
589 3194 768 3278 φροντίδος
794 3189 870 3277 περὶ
896 3199 953 3275 τῆς
981 3195 1162 3278 βασιληίης.

159 3304 390 3378 ἀποθανόντος
422 3298 459 3367 δὲ
485 3298 690 3385 Κλεομένεος
717 3299 855 3374 άπαιδος
882 3299 1015 3383 ἔρσενος
1046 3301 1163 3384 γόνου,

160 3407 309 3494 Δωριέος
339 3431 375 3473 τε
407 3405 517 3472 οὐκέτι
553 3405 665 3481 ἐόντος
701 3403 783 3468 ἀλλά
818 3405 1072 3488 τελευτήσαντος
1107 3404 1162 3470 καὶ

159 3515 280 3578 τούτου
303 3514 340 3579 έν
362 3515 510 3596 Σικελίη,
535 3512 621 3578 οὕτω
645 3511 685 3595 δή
709 3509 742 3586 ἐς
766 3510 940 3594 Λεωνίδην
964 3509 1117 3594 ἀνέβαινε
1139 3511 1160 3587 ή
