2640 3960
419 215 483 271 LIB.
499 215 533 272 V.
570 215 647 271 CAP.
667 223 806 272 97—101.
1072 217 1117 284 55

107 356 316 442 ἐνεδέκοντο,
346 359 418 426 ἀλλ’
445 361 481 426 ἐκ
504 364 589 426 Χίου
616 357 677 446 μέν
700 365 781 426 Χῖοί
801 378 905 446 σφεας
928 363 961 440 ἐς
983 362 1123 448 ΛέσβονΙ
1230 418 1233 426 ,

9 553 10 560 ¹
106 466 250 549 ἤγαγον,
273 465 413 549 Λέσβιοι
441 465 478 532 δὲ
506 467 540 544 ές
562 471 732 553 Δορίσκον
755 468 925 554 ἐκόμισαν·
957 470 1116 536 ἐνθεῦτεν

106 567 146 636 δέ
169 575 246 656 πεζῇ
268 575 477 657 κομιζόμενοι
499 573 657 638 ἀπίκοντο
681 573 714 650 ἐς
737 578 913 657 Παιονίην.

194 675 428 763 Ἀρισταγόρης
451 678 498 762 δέ,
522 679 634 764 ἐπειδὴ
659 680 694 745 οί
713 703 748 745 τε
767 678 941 764 Ἀθηναῖοι
959 681 1116 750 ἀπίκοντο
1135 706 1171 755 99

105 787 213 848 είκοσι
235 787 345 868 νηυσί,
369 785 435 868 ἀμα
453 785 611 869 ἀγόμενοι
630 781 821 872 Ἐρετριέων
839 785 936 852 πέντε
953 791 1117 874 τριήρεας,

105 891 144 952 οδ
174 888 215 954 ού
243 892 305 974 την
331 888 520 975 Ἀθηναίων
547 891 644 977 χάριν
677 891 912 978 ἐστρατεύοντο
945 893 1027 958 ἀλλά
1055 897 1119 979 την

104 993 220 1060 αὐτῶν
238 999 427 1080 Μιλησίων,
452 996 651 1082 ὀφειλόμενά
674 1014 735 1082 σφι
755 998 970 1076 ἀποδιδόντες
989 997 1040 1085 (οί
1053 1002 1118 1087 γὰρ

104 1102 150 1184 δη
170 1104 333 1185 Μιλήσιοι
351 1105 513 1188 πρότερον
531 1114 618 1168 τοῖσι
635 1101 836 1190 Ἐρετριεῦσι
853 1107 913 1171 τὸν
930 1107 1013 1190 πρὸς
1032 1110 1120 1172 Χαλ-

103 1205 219 1282 κιδέας
240 1209 385 1292 πόλεμον
409 1210 656 1293 συνδιήνεικαν,
680 1211 733 1275 ὅτε
755 1231 817 1295 περ
839 1209 895 1276 καί
920 1214 1119 1278 Χαλκιδεῦσι

104 1313 205 1378 ἀντία
238 1310 428 1401 Ἐρετριέων
464 1313 519 1380 καὶ
550 1319 728 1399 Μιλησίων
762 1316 887 1400 Σάμιοι
923 1317 1118 1406 ἐβοήθεον),

104 1415 203 1485 οὗτοι
229 1415 278 1486 ὧν
301 1421 405 1486 ἐπείτε
432 1437 494 1505 σφι
521 1421 678 1488 ἀπίκοντο
700 1420 757 1486 καὶ
780 1423 815 1487 οί
835 1424 929 1488 ἀλλοι
952 1425 1119 1510 σύμμαχοι

103 1534 272 1611 παρῆσαν,
291 1526 435 1592 ἐποιέετο
454 1532 632 1613 στρατηίην
651 1528 669 1595 ὁ
685 1522 918 1614 Ἀρισταγόρης
934 1529 967 1606 ἐς
981 1531 1118 1616 Σάρδις.

102 1632 209 1708 αὐτὸς
231 1630 292 1716 μὲν
316 1635 357 1716 δὴ
381 1634 443 1699 οὐκ
465 1634 676 1720 ἐστρατεύετο
700 1633 771 1700 ἀλλ’
799 1639 892 1720 ἔμενε
911 1636 948 1702 ἐν
966 1639 1118 1724 Μιλήτῳ,

106 1741 314 1826 στρατηγούς
344 1737 381 1804 δέ
409 1741 530 1816 ἀλλους
561 1740 694 1819 ἀπέδεξε
716 1745 895 1825 Μιλησίων
926 1737 1026 1826 εἶναι,
1058 1745 1119 1808 τὸν

107 1844 236 1911 ἑωυτοῦ
258 1841 294 1910 τε
316 1843 480 1930 ἀδελφεὸν
498 1850 691 1931 Χαροπῖνον
713 1845 767 1912 καὶ
790 1859 857 1913 τῶν
880 1849 990 1914 άλλων
1009 1849 1119 1914 ἀστῶν

104 1954 346 2038 Ἑρμόφαντον.
386 1951 580 2036 ἀπικόμενοι
608 1949 646 2017 δέ
667 1961 712 2040 τῷ
737 1955 843 2040 στόλῳ
866 1955 972 2042 τούτφ
995 1953 1109 2031 Ἴωνες
1120 1976 1173 2026 ιοο

109 2057 143 2134 ἐς
156 2056 304 2141 Ἔφεσον
321 2062 420 2122 πλοῖα
438 2054 499 2141 μὲν
518 2055 693 2122 κατέλιπον
712 2057 748 2123 ἐν
766 2061 932 2147 Κορησσῷ
951 2067 1009 2142 τῆς
1023 2057 1119 2143 Ἐφε-

106 2165 194 2246 σίης,
214 2161 309 2228 αὐτοὶ
328 2160 366 2228 δὲ
384 2162 563 2246 ἀνέβαινον
581 2161 666 2248 χειρὶ
683 2169 799 2248 πολλῇ,
818 2165 1009 2249 ποιεύμενοι
1025 2163 1118 2250 Ἐφε-

106 2273 205 2347 σίους
226 2269 389 2354 ἡγεμόνας
411 2279 469 2354 τῆς
491 2269 583 2334 ὁδοῦ.
619 2272 839 2356 πορευόμενοι
858 2267 896 2336 δέ
913 2272 1002 2356 παρά
1019 2293 1119 2338 ποτα·

106 2377 173 2462 μδν
183 2375 385 2459 Καΰστριον,
401 2376 560 2442 ἐνθεῦτεν
575 2376 679 2442 ἐπείτε
692 2375 894 2462 ὑπερβάντες
905 2379 966 2443 τὸν
979 2382 1118 2462 Τμῶλον

106 2482 282 2565 ἀπίκοντο,
306 2481 457 2568 αίρέουσι
479 2483 606 2568 Σάρδις
633 2481 772 2559 οὐδενός
795 2499 856 2567 σφι
883 2483 1117 2568 ἀντιωθέντος,

106 2585 259 2672 αίρέουσι
287 2583 324 2652 δέ
351 2586 450 2672 χωρὶς
475 2598 533 2672 τῆς
559 2588 756 2674 ἀκροπόλιος
781 2583 883 2655 τάλλα
905 2589 1025 2655 πάντα·
1056 2592 1118 2674 τὴν

107 2691 148 2760 δέ
170 2693 350 2780 ἀκρόπολιν
371 2695 506 2781 ἐρρύετο
525 2695 624 2771 αὐτὸς
638 2691 861 2781 Ἀρταφρένης
879 2697 964 2780 ἔχων
983 2695 1118 2780 ἀνδρῶν

108 2801 254 2884 δύναμιν
284 2801 346 2865 οὐκ
373 2801 498 2884 ὀλίγην.
543 2801 580 2865 τὸ
613 2796 651 2864 δὲ
678 2801 721 2884 μὴ
749 2805 946 2884 λεηλατῆσαι
973 2799 1108 2877 ἑλόντας
1120 2821 1172 2870 101,

107 2905 215 2990 σφέας
243 2907 304 2989 τὴν
330 2909 429 2971 πόλιν
461 2908 535 2990 ἐσχε
563 2907 648 2972 τόδε.
693 2901 778 2990 ἦσαν
807 2906 844 2971 ἐν
871 2913 946 2990 τῇσι
973 2906 1118 2990 Σάρδισι

107 3014 211 3077 οίιιίαι
233 3012 271 3076 αι’
290 3007 352 3096 μέν
372 3016 512 3088 πλεῦνες
533 3011 724 3095 καλάμιναι,
755 3011 830 3076 όσαι
854 3007 884 3074 δ’
911 3009 1039 3075 αὐτέων
1061 3011 1118 3077 ιιαδ

106 3121 285 3183 πλίνθιναι
310 3111 412 3200 ἦσαν,
439 3117 588 3202 καλάμου
613 3112 705 3202 ἐἶχον
728 3117 784 3192 τάς
808 3115 943 3201 ὀροφάς.
989 3118 1118 3183 τούτων

108 3225 152 3308 δὴ
175 3227 255 3308 μίαν
272 3235 340 3289 τῶν
361 3247 411 3301 τις
430 3223 654 3310 στρατιωτέων
673 3223 718 3299 ὡς
736 3221 904 3308 ἐνέπρησε,
924 3222 1040 3288 αὐτίκα
1059 3223 1114 3290 ἀπ’

108 3331 217 3414 οἰκίης
243 3329 277 3407 ἐς
304 3331 412 3413 οἰκίην
440 3331 493 3395 ίὸν
519 3330 556 3395 τὸ
584 3339 650 3415 πῦρ
674 3326 845 3412 ἐπενέμετο
872 3329 909 3392 τὸ
937 3329 1019 3392 ἀστυ
1042 3337 1116 3396 πάν.

107 3435 289 3522 καιομένου
308 3433 346 3501 δὲ
363 3444 423 3501 τοῦ
442 3437 558 3512 ἀστεος
577 3437 612 3500 οί
623 3436 734 3500 Λυδοί
749 3457 784 3499 τε
801 3431 856 3499 καί
871 3433 944 3500 ὅσοι
958 3435 1118 3501 Περσέων
