2640 3960
210 214 273 277 122
620 211 806 268 HERODOTI

207 358 327 442 τοιῷδε
345 355 528 442 Ἀθηναῖοι,
551 367 625 444 τῆσι
649 355 685 422 δὲ
708 363 840 441 λοιπῇσι
862 355 898 420 οί
917 355 1079 439 βάρβαροι
1097 352 1207 432 ἐξανα-

207 461 427 546 κρουσάμενοι
445 463 499 529 καὶ
518 464 738 546 ἀναλαβόντες
755 464 792 528 έκ
803 471 861 546 τῆς
872 464 978 544 νήσου
993 461 1029 526 έν
1041 469 1081 545 τῆ
1095 463 1208 524 ἔλιπον

207 569 248 630 τά
270 565 302 645 ἐξ
323 565 487 654 Ἐρετρίης
510 569 713 656 ἀνδράποδα,
736 567 929 653 περιέπλεον
948 567 1107 648 Σούνιον,
1131 568 1208 648 βὀυ-

208 675 342 756 λόμενοι
360 682 490 758 φθῆναι
507 677 585 751 τοὺς
600 671 799 758 Ἀθηναίους
811 674 1004 757 ἀπικόμενοι
1021 672 1054 748 ές
1066 672 1103 737 τὸ
1118 673 1208 736 άστυ.

208 779 318 862 αἰτίην
342 776 379 844 δὲ
402 783 474 866 ἔσχε
494 777 702 863 Ἀθηυαίοισι
724 779 757 858 ἐξ
778 776 1042 862 Ἀλκμεωνιδέων
1063 785 1209 862 μηχανῆς

207 883 329 962 αὐτοὺς
350 885 709 968 ταῦταέπινοηθῆναι·
735 886 875 960 τούτους
895 885 959 967 γάρ
982 881 1209 967 συνθεμένους

206 1000 293 1054 τοῖσι
325 989 474 1076 Πέρσησι
506 989 662 1069 ἀναδέξαι
696 991 818 1056 ἀσπίδα
849 991 941 1056 έοῦσι
972 991 1036 1073 ῆδη
1068 989 1105 1054 έν
1134 996 1209 1072 τῆσι

156 1109 206 1158 116
216 1098 323 1178 νηυσί.
370 1090 463 1160 οὗτοι
485 1092 546 1179 μὲν
569 1097 610 1180 δὴ
632 1096 825 1180 περιέπλεον
848 1097 1011 1162 Σούνιον·
1037 1092 1209 1178 Ἀθηναῖοι

208 1197 245 1264 δὲ
268 1201 313 1278 ὡς
330 1203 444 1266 ποδῶν
463 1197 552 1286 εἶχον
573 1201 732 1286 [τάχιστα]
753 1203 915 1286 ἐβοήθεον
934 1201 967 1278 ές
984 1201 1021 1265 τὸ
1039 1201 1131 1282 άστυ,
1154 1197 1209 1264 καὶ

208 1307 362 1389 ἔφθησάν
384 1330 418 1371 τε
441 1306 633 1390 ἀπικόμενοι
655 1305 735 1393 πρὶν
756 1307 777 1391 ἢ
799 1310 877 1384 τοὺς
896 1306 1084 1392 βαρβάρους
1105 1307 1208 1388 ἥκειν,

207 1409 261 1476 καὶ
285 1411 623 1497 ἐστρατοπεδεύσαντο
641 1411 814 1498 ἀπιγμένοι
829 1411 862 1491 έξ
877 1409 1071 1495 Ἡρακλείου
1092 1421 1153 1476 τοῦ
1171 1411 1208 1476 έν

207 1521 398 1601 Μαραθῶνι
417 1517 454 1582 έν
468 1518 555 1604 ἀλλην
565 1514 747 1605 Ἡρακλείῳ
760 1525 806 1605 τῷ
821 1517 857 1584 έυ
871 1518 1090 1602 Κυνοσάργεϊ.
1120 1517 1156 1581 οί
1172 1513 1209 1582 δὲ

207 1624 370 1706 βάρβαροι
388 1631 462 1707 τῆσι
480 1620 579 1706 νηυσὶ
597 1623 903 1708 ὑπεραιωρηθέντες
921 1626 1078 1707 Φαλήρου
1096 1621 1209 1708 (τοῦτο

206 1729 270 1812 γάρ
302 1723 344 1810 ῆν
376 1727 521 1794 ἐπίνειον
551 1732 624 1794 τότε
655 1740 722 1794 τῶν
746 1723 947 1812 Ἀθηναίων)
978 1725 1061 1811 ὑπὲρ
1087 1730 1209 1793 τούτου

207 1831 494 1916 ἀνακωχεύσαντες
507 1836 564 1911 τάς
580 1832 658 1910 νέας
676 1832 838 1899 ἀπέπλεον
852 1823 957 1899 ὀπίσω
970 1833 1003 1910 ές
1015 1835 1076 1918 την
1087 1830 1209 1916 Ἀσίην.

156 1953 204 2002 117
217 1937 252 2002 έν
279 1939 380 2024 ταύτη
403 1947 442 2023 τῆ
465 1940 502 2005 έν
524 1943 715 2024 Μαραθῶνι
738 1940 823 2025 μάχη
847 1938 1018 2005 ἀπέθανον
1040 1950 1107 2005 τῶν
1129 1943 1209 2024 βαρ·
1317 1957 1319 1980 ⁴

207 2044 320 2127 βάρων
351 2046 433 2110 κατὰ
465 2043 700 2129 ἑξακισχιλίους
726 2042 782 2110 καλ
812 2047 1042 2128 τετρακοσίους
1073 2046 1207 2130 ἄνδρας,

203 2141 390 2230 Ἀθηναίων
414 2146 450 2214 δέ
473 2148 589 2215 ἑκατὸν
610 2149 665 2214 καί
688 2150 884 2233 ἐνενήκοντα
906 2147 960 2214 καὶ
983 2152 1054 2215 δύο.
1090 2153 1209 2215 ἔπεσον

207 2250 268 2336 μὲν
295 2252 491 2337 ἀμφοτέρων
517 2264 685 2320 τοσοῦτοι·
713 2256 885 2337 συνήνεικε
909 2251 946 2319 δὲ
968 2254 1088 2321 αὐτόθι
1109 2260 1208 2340 θῶμα

206 2355 365 2440 γενέσθαι
382 2360 524 2440 τοιόνδε,
540 2356 720 2442 Ἀθηναῖον
738 2361 844 2445 ἀνδρα
859 2357 1029 2442 Ἐπίζηλον
1047 2361 1107 2425 τὸν
1120 2363 1207 2425 Κου-

206 2464 361 2546 φαγόρεω
384 2463 421 2528 έν
443 2473 482 2548 τῆ
505 2465 643 2529 συστάσι
661 2468 848 2549 μαχόμενόν
864 2488 899 2530 τε
921 2463 975 2530 καὶ
993 2467 1100 2550 ἄνδρα
1118 2472 1206 2550 γινό-

206 2590 308 2651 μενον
335 2567 466 2651 ἀγαθὸν
497 2580 564 2634 τῶν
592 2570 746 2655 ὀμμάτων
773 2578 989 2656 στερηθῆναι,
1022 2573 1098 2638 οὔτε
1126 2579 1206 2656 πλη-

206 2671 305 2758 χέντα
341 2671 441 2740 οὐδέν
476 2684 536 2740 τοῦ
573 2677 721 2760 σώματος
752 2677 829 2742 οὔτε
863 2675 1044 2760 βληθέντα,
1079 2676 1134 2744 καὶ
1168 2682 1207 2746 τὸ

206 2781 324 2845 λοιπὸν
355 2789 412 2864 τῆς
444 2783 517 2865 ζόης
549 2782 728 2847 διατελέειν
760 2782 822 2847 ἀπὸ
850 2783 970 2848 τούτου
995 2792 1056 2848 τοῦ
1082 2787 1207 2867 χρόνον

206 2886 303 2950 έόντα
337 2889 474 2970 τυφλόν.
524 2885 632 2968 λέγειν
669 2883 705 2952 δέ
741 2887 843 2952 αὐτὸν
877 2884 952 2969 περὶ
986 2896 1047 2952 τοῦ
1081 2889 1208 2968 πάθεος

205 2993 332 3074 ἥκουσα
353 2993 485 3057 τοιόνδε
507 2994 581 3056 τινά
604 2995 716 3075 λόγον,
739 2993 845 3076 άνδρα
868 2993 904 3057 οί
919 2991 1046 3058 δοκέειν
1068 2993 1207 3079 ὁπλίτην

207 3097 397 3180 ἀντιστῆναι
425 3095 543 3181 μέγαν,
570 3105 630 3162 τοῦ
657 3098 695 3161 τὸ
718 3095 848 3179 γένειον
870 3098 931 3180 την
953 3097 1075 3163 ἀσπίδα
1096 3108 1207 3167 πᾶσαν

207 3201 362 3279 σκιάζειν·
385 3202 422 3265 τὸ
443 3187 483 3266 δὲ
507 3203 620 3286 φάσμα
637 3210 736 3266 τοῦτο
759 3199 884 3266 ἑωυτὸν
901 3197 962 3285 μὲν
980 3203 1205 3290 παρεξελθεῖν,

208 3305 265 3368 τὸν
289 3302 325 3370 δὲ
347 3304 472 3370 ἑωυτοῦ
494 3307 704 3390 παραστάτην
723 3306 919 3370 ἀποκτεῖναι.
964 3317 1066 3372 ταῦτα
1084 3307 1145 3393 μὲν
1163 3313 1206 3395 δὴ

203 3406 374 3495 Ἐπίζηλον
397 3410 570 3495 ἐπυθόμην
592 3409 709 3492 λέγειν.
