2678 3968
212 219 276 283 318
624 215 810 272 HERODOTI

212 358 248 428 δὲ
275 360 464 446 ἀπιγμένων
493 361 677 446 ἀναγκαίως
705 363 770 445 ἔχει
797 383 854 445 μοι
882 358 1006 425 ποιέειν
1032 369 1149 442 ταῦτα,
1177 359 1224 442 ἣν
1307 403 1308 432 ,

212 468 255 552 μὴ
283 469 320 532 τὸ
347 466 507 553 ὑμέτερον
535 473 642 532 αίτιον
668 466 812 550 γένηται.
858 465 942 549 λέγω
970 461 1008 531 δὲ
1034 465 1114 548 ὑμῖν
1137 467 1223 530 τάδε
1257 477 1261 482 “

211 581 287 637 νῦν·
306 575 342 637 τί
356 577 516 657 μαίνεσθε
534 575 679 657 πόλεμον
697 570 827 656 βασιλέι·
843 571 1105 655 ἀνταειρόμενοι;
1140 571 1224 636 οὔτε

213 679 275 762 γάρ
302 677 344 743 διν
370 677 616 761 ὑπερβάλοισθε
646 677 722 742 οὑτε
746 668 815 742 οἷοί
833 675 871 742 τέ
892 676 964 742 ἐστε
986 675 1135 760 ἀντέχειν
1156 679 1223 741 τὸν

212 785 318 848 πάντα
341 786 474 869 χρόνον.
514 784 616 850 είδετε
639 780 700 867 μὲν
722 784 785 869 γάρ
807 791 865 866 τῆς
887 781 1013 866 Ξέρξεω
1037 787 1222 868 στρατηλα-

213 893 287 974 σίης
313 892 351 956 τὸ
373 895 503 973 πλῆθος
527 886 644 954 καὶτὰ
667 891 757 974 ἔργα,
780 889 996 953 πυνθάνεσθε
1020 885 1056 954 δέ
1078 888 1134 954 καί
1156 891 1223 973 την

213 1005 278 1062 νῦν
307 994 383 1081 παρ’
415 993 486 1080 ἐμοὶ
514 995 636 1061 έοῦσαν
664 995 824 1079 δύναμιν,
855 995 937 1059 ὥστε
964 992 1018 1060 καὶ
1045 994 1088 1078 ἢν
1114 995 1222 1080 ἡμέας

214 1103 447 1186 ὑπερβάλησθε
483 1099 538 1167 καὶ
569 1104 740 1185 νικήσητε,
776 1110 837 1166 τοῦ
868 1123 928 1185 περ
966 1101 1045 1185 ὑμῖν
1079 1101 1221 1186 οὐδεμία

215 1206 305 1284 ἐλπὶς
323 1214 357 1273 εί
370 1229 431 1293 περ
449 1202 488 1273 εὑ
505 1205 673 1293 φρονέετε,
696 1208 778 1291 άλλη
802 1206 959 1292 παρέσται
980 1210 1221 1292 πολλαπλησίη.
1307 1245 1308 1300 3

215 1316 259 1399 μὴ
290 1309 336 1379 ὧν
364 1315 528 1396 βούλεσθε
550 1314 788 1398 παρισούμενοι
809 1312 939 1396 βασιλέι·
959 1312 1135 1398 στέρεσθαι
1157 1311 1222 1398 μὲν
1307 1323 1308 1380 1

215 1429 273 1504 τῆς
302 1420 425 1504 χώρης,
454 1418 547 1484 θέειν
576 1416 613 1485 δὲ
639 1417 703 1484 αίεὶ
729 1416 804 1504 περὶ
835 1417 946 1502 ὑμέων
977 1419 1101 1502 αὐτῶν,
1136 1418 1222 1484 ἀλλὰ

216 1526 454 1594 καταλύσασθε.
503 1523 637 1610 παρέχει
670 1521 707 1590 δὲ
738 1525 818 1609 ὑμῖν
849 1525 1006 1590 κάλλιστα
1037 1527 1220 1590 καταλύσα-

218 1637 299 1696 σθαι
321 1628 474 1714 βασιλέος
495 1631 596 1715 ταύτη
616 1629 813 1715 ὁρμημένον.
850 1632 921 1695 ἔστε
940 1629 1120 1714 ἐλεύθεροι,
1140 1631 1221 1714 ἡμῖν

218 1737 395 1822 ὁμαιχμίην
431 1735 632 1820 συνθέμενοι
668 1737 748 1801 ἀνευ
785 1759 820 1800 τε
857 1736 959 1800 δόλον
995 1733 1050 1800 καὶ
1086 1736 1220 1820 ἀπάτης.

184 1845 413 1929 μΜαρδύνιος
444 1839 504 1927 μέν
535 1851 651 1924 ταῦτα,
684 1837 922 1925 (θἈθηναῖοι,
951 1841 1133 1908 ένετείλατύ
1163 1867 1221 1926 μοι
1307 1821 1308 1888 f

219 1951 322 2015 εἰπεῖν
343 1949 425 2034 πρὸς
447 1947 556 2032 ὑμέας.
593 1947 656 2032 ἐγὼ
680 1945 717 2013 δὲ
739 1945 814 2034 περὶ
836 1944 897 2032 μὲν
915 1947 1047 2032 εὐνοίης
1064 1959 1121 2034 τῆς
1138 1952 1222 2035 πρὸς

219 2054 319 2140 ὑμέας
350 2055 468 2138 ἐούσης
499 2053 532 2132 ἐξ
564 2053 642 2139 ἐμεῦ
674 2051 774 2119 οὐδὲν
803 2053 884 2131 λέξω
913 2053 968 2137 (ού
997 2056 1061 2140 γάρ
1088 2053 1129 2119 ἀν
1156 2065 1221 2121 νῦν

219 2172 350 2246 πρῶτον
378 2157 582 2247 ἐκμάθοιτε),
610 2162 815 2245 προσχρηίζω
844 2156 882 2224 δὲ
908 2159 1019 2244 ὑμέων
1041 2163 1221 2226 πείθεσθαι

219 2267 413 2354 Μαρδονίῳ.
450 2265 571 2352 ἐνορέω
594 2267 658 2351 γάρ
680 2266 760 2350 ὑμῖν
783 2265 845 2332 οὑκ
863 2266 966 2332 οἵοισί
980 2289 1015 2331 τε
1034 2265 1221 2350 ἐσομένοισι

220 2372 280 2435 τὸν
306 2371 412 2435 πάντα
438 2375 561 2456 χρόνον
588 2371 760 2456 πολεμέειν
785 2371 899 2459 Ξέρξη.
945 2373 976 2436 εί
1000 2373 1063 2456 γάρ
1087 2371 1221 2457 ἐνάρων

220 2485 318 2543 τοῦτο
352 2475 388 2541 ἐν
415 2475 512 2560 ὑμίν,
545 2477 606 2542 ούκ
637 2479 679 2542 άν
706 2501 781 2543 κοτε
813 2479 846 2554 ἐς
873 2477 973 2561 ὑμέας
999 2472 1108 2560 ἦλθον
1137 2480 1220 2562 ἔχων

221 2585 341 2666 λόγους
354 2583 487 2648 τούσδε·
505 2581 561 2647 καὶ
575 2583 637 2668 γάρ
650 2583 790 2667 δύναμις
803 2579 884 2667 ὑπὲρ
899 2585 1081 2668 άνθρωπον
1093 2583 1115 2666 ἡ
1129 2587 1220 2667 βασι-

222 2689 296 2766 λέος
314 2686 382 2756 ἐστὶ
399 2686 454 2754 καὶ
471 2686 542 2774 χεὶρ
560 2688 755 2775 ὑπερμήκης.
786 2687 829 2772 ἢν
848 2685 895 2753 ὧν
913 2690 955 2774 μη
974 2688 1091 2754 αὐτίκα
1105 2689 1217 2773 ὑμολοι
1307 2751 1308 2768 ,

222 2800 352 2881 γήσητε,
376 2795 500 2880 μεγάλα
517 2797 759 2880 προτεινόντων
779 2792 828 2860 ἐπ’
853 2787 920 2860 οἷσι
940 2794 1131 2880 ὁμολογέειν
1150 2795 1220 2862 ἐθέ-

223 2908 329 2986 λονσι,
350 2903 506 2987 δειμαίνω
524 2898 606 2987 ὑπὲρ
625 2900 735 2986 ὑμέων
753 2899 789 2966 ἐν
807 2903 908 2988 τρίβῳ
922 2923 960 2966 τε
978 2901 1116 2986 μάλιστα
1135 2904 1220 2986 οίκη-

223 3008 333 3094 μένων
365 3019 431 3074 τῶν
459 3008 639 3093 συμμάχων
667 3007 799 3072 πάντων
832 3008 900 3072 αίεί
922 3030 957 3072 τε
989 3007 1220 3092 φθειρομένων

224 3117 375 3199 μούνων,
404 3113 569 3200 ἐξαίρετον
592 3115 782 3198 μεταίχμιόν
804 3135 839 3178 τε
861 3114 922 3196 την
943 3121 1006 3198 γῆν
1030 3113 1219 3198 ἐκτημένων.

225 3220 307 3285 ἀλλὰ
329 3223 504 3286 πείθεσθε·
527 3224 653 3286 πολλοῦ
674 3221 737 3305 γάρ
760 3218 839 3302 ὑμίν
858 3218 931 3297 ἀξια
949 3228 1061 3301 ταῦτα,
1085 3221 1117 3284 εί
1132 3222 1220 3302 βασι-

226 3325 301 3400 λεύς
314 3348 352 3406 γε
371 3325 389 3390 ὑ
408 3324 507 3408 μέγας
524 3328 678 3411 μούνοισι
693 3326 773 3410 ὑμῖν
783 3322 949 3408 Ἑλλήνων
966 3326 1023 3401 τάς
1037 3323 1220 3411 ἁμαρτάδας
1307 3397 1308 3428 χ

226 3425 331 3504 ἀπιεὶς
354 3428 462 3494 ἐθέλει
485 3435 582 3514 φίλος
606 3430 772 3514 γενέσθαι.
808 3425 1019 3515 Ἀλέξανδρος
1040 3427 1102 3512 μὲν
1124 3440 1220 3496 ταῦτα
1307 3435 1308 3476 ἶ
