2632 3970
415 281 482 336 ΜΒ.
497 282 544 338 lx,
582 283 658 340 GAP.
678 291 799 340 61-66.
1042 286 1107 351 357

104 428 227 512 χρόνον
249 428 445 513 Μαρδόνιος
467 436 596 512 περιῆν,
621 427 656 492 οί
676 425 713 493 δέ
736 427 886 513 ἀντεῖχον
908 429 963 495 καὶ
986 431 1108 516 ἀμυνό-

103 555 198 616 μενοι
220 531 422 616 κατέβαλλον
445 535 589 609 πολλοὺς
606 543 673 598 τῶν
691 535 980 618 Λακεδαιμονίων·
1003 538 1048 614 ὡς
1071 534 1108 604 δέ

103 640 299 723 Μαρδόνιος
326 637 472 704 ἀπέθανε
499 637 553 704 καὶ
580 640 618 704 τὸ
647 637 723 725 περί
746 639 875 706 ἐκεῖνον
897 640 1106 726 τεταγμένον,

104 743 160 809 ἐὸν
188 746 417 830 ίσχυρότατον,
446 747 555 828 ἔπεσε,
584 746 670 810 οὕτω
700 747 741 829 δή
766 744 822 811 καλ
845 746 880 811 οί
900 748 994 811 α”λλοι
1016 747 1108 831 ἐτρά-

103 872 206 915 ποντο
229 849 283 916 καί
307 845 396 930 εἶξαν
418 861 505 916 τοῖσι
523 853 825 936 Λακεδαιμονίοισι.
869 857 1023 917 πλεῖστον
1045 854 1108 940 γάρ

104 972 208 1039 σφεας
236 955 387 1040 ἐδηλέετο
415 955 435 1039 ή
459 957 576 1040 ἐσθής,
604 959 724 1043 ἔρημος
747 957 847 1023 ἐοῦσα
870 959 996 1024 ὅπλων·
1027 961 1109 1043 πρὸς

103 1063 166 1147 γδιρ
180 1062 314 1155 ὁπλίτας
329 1061 438 1139 ἐόντες
451 1073 613 1148 γυμνῆτες
627 1063 739 1148 ἀγῶνα
753 1063 938 1130 ἐποιεῦντο·
962 1064 1108 1129 ἐνθαῦτα
1128 1085 1162 1135 64

101 1169 123 1251 ή
146 1191 181 1232 τε
205 1169 279 1252 δίκη
306 1177 367 1234 τοῦ
392 1171 501 1253 φόνου
523 1179 584 1235 τοῦ
607 1171 783 1235 Λεωνίδεω
806 1173 888 1236 κατδι
909 1172 946 1236 τὸ
970 1174 1109 1256 χρηστή-

103 1297 179 1359 ριον
205 1285 292 1339 τοῖσι
314 1278 541 1360 Σπαρτιήτῃσι
564 1276 600 1340 ἐκ
623 1278 824 1362 Μαρδονίου
849 1276 1031 1342 ἐπετελέετο
1053 1276 1109 1342 καί

102 1383 201 1462 νίκην
224 1380 410 1466 ἀναιρέεται
433 1385 611 1465 καλλίστην
634 1380 788 1448 ἁπασέων
810 1393 877 1448 τῶν
899 1382 992 1468 ήμείς
1014 1385 1109 1468 ίδμεν

103 1488 300 1569 Παυσανίης
329 1487 347 1552 ὁ
375 1490 612 1574 Κλεομβρότου
638 1497 699 1553 τοῦ
723 1483 993 1574 Ἀναξανδρίδεω.
1042 1499 1109 1554 τῶν

104 1589 142 1658 δὲ
169 1591 359 1677 κατύπερθέ
389 1595 424 1658 οί
452 1596 628 1678 προγόνων
659 1595 700 1658 τὰ
730 1595 897 1678 οὐνόματα
924 1601 1050 1680 είρηται
1076 1593 1111 1671 ἐς

103 1699 293 1782 Λεωνίδην·
326 1697 427 1764 ὡυτοί
458 1699 522 1785 γάρ
550 1716 611 1784 σφι
640 1700 841 1784 τυγχάνουσι
868 1701 985 1777 ἐόντες.
1030 1700 1110 1765 ἀπο-

102 1807 245 1888 θνήσκει
281 1801 318 1869 δὲ
347 1806 542 1890 Μαρδόνιος
578 1805 641 1870 ὑπὸ
668 1803 886 1890 Ἀρίμνηστον
920 1805 1042 1891 ἀνδρὸς
1073 1805 1110 1870 ἐν

103 1911 243 1996 Σπάρτη
271 1913 425 1996 λογίμου,
454 1911 490 1988 ὃς
514 1914 624 1998 χρόνῳ
647 1911 787 1997 ὕστερον
810 1913 890 1996 μετὰ
911 1913 951 1976 τδι
973 1913 1110 1994 Μηδικὰ

104 2020 190 2102 ἔχων
226 2017 350 2101 ἄνδρας
371 2019 596 2101 τριηκοσίους
629 2015 789 2099 συνέβαλε
821 2016 858 2082 ἐν
889 2019 1109 2104 Στενυκλήρῳ

103 2121 250 2206 πολέμου
283 2122 395 2198 ἐόντος
421 2125 645 2205 Μεσσηνίοισι
671 2132 752 2187 πᾶσι
778 2120 833 2220 κοχί
863 2122 961 2199 αὐτός
987 2145 1022 2186 τε
1051 2123 1108 2186 ιἰπ-

105 2227 207 2294 έθανε
230 2225 285 2292 καί
308 2229 343 2292 οί
362 2230 554 2313 τριηκόσιοι.
598 2227 634 2293 ἐν
658 2224 695 2294 δέ
718 2232 903 2313 Πλαταιῇσι
927 2229 962 2293 οί
982 2228 1109 2315 Πέρσαι
1128 2250 1162 2298 σο

104 2335 150 2410 ὡς
168 2333 348 2418 ἐτράποντο
366 2334 431 2399 ὑπὸ
445 2345 512 2399 τῶν
526 2335 810 2418 Λακεδαιμονίων,
829 2337 973 2419 ἔφευγον
988 2335 1109 2401 οὐδένα

104 2443 232 2524 κόσμον
254 2440 287 2516 ἐς
309 2441 346 2506 τὸ
370 2441 593 2525 στρατόπεδον
616 2442 653 2506 τὸ
674 2439 806 2505 ἑωυτῶν
824 2439 880 2506 καὶ
898 2441 931 2518 ἐς
948 2443 985 2507 τὸ
1004 2453 1110 2526 τεῖχος

104 2548 143 2610 τὸ
167 2545 302 2623 ξύλινον
319 2548 356 2611 τὸ
376 2546 573 2629 ἐποιήσαντο
592 2546 629 2612 ἐν
647 2549 746 2632 μοίρη
765 2555 804 2632 τή
824 2549 974 2631 Θηβαίδι.
1010 2555 1109 2631 δῶμα

106 2650 148 2717 δέ
168 2675 224 2737 μοι
248 2652 331 2728 ὅκως
352 2653 441 2737 παρὰ
462 2661 520 2736 τής
538 2655 715 2737 Δήμητρος
736 2654 773 2718 τὸ
797 2654 897 2728 ἄλσος
915 2653 1109 2737 μαχομένων

105 2755 186 2823 οὐδὲ
201 2748 246 2834 εἷς
261 2757 365 2840 ἐφάνη
379 2769 448 2823 τῶν
457 2759 616 2843 Περσέων
631 2759 707 2824 οὔτε
722 2758 869 2823 ἐσελθὼν
884 2757 917 2834 ἐς
929 2759 966 2822 τὸ
976 2756 1110 2842 τέμενος

106 2865 183 2930 οὔτε
207 2863 442 2947 ἐναποθανών,
469 2867 548 2949 περί
566 2887 602 2928 τε
623 2865 661 2929 τὸ
686 2865 759 2948 ἱρὸν
782 2865 983 2929 οἱπλεῖστοι
1006 2863 1042 2928 ἐν
1064 2871 1109 2950 τῷ

104 2973 234 3059 βεβήλῳ
259 2973 386 3035 ἔπεσον.
424 2969 527 3035 δοκέω
552 2969 598 3052 δέ,
623 2976 656 3034 εί
669 2992 702 3034 τι
724 2967 799 3052 περὶ
821 2980 888 3034 τῶν
906 2971 1011 3033 θείων
1029 2990 1110 3052 πρη-

104 3077 239 3160 γμάτων
268 3076 397 3142 δοκέειν
421 3077 486 3158 δεῖ,
514 3073 638 3159 ήθεὸς
665 3075 747 3158 αὐτή
771 3092 874 3160 σφεας
898 3073 959 3139 οὐκ
982 3072 1109 3139 ἐδέκετο

104 3183 334 3267 ἐμπρήσαντας
358 3183 408 3265 [τὸ
432 3183 519 3267 ίρὸν]
542 3182 579 3246 τὸ
603 3181 640 3246 ἐν
660 3177 823 3246 Ἐλευσῖνι
846 3181 1037 3264 ἀνάκτορον.

193 3288 287 3371 Αὕτη
306 3285 367 3373 μέν
385 3311 449 3353 νυν
467 3286 489 3370 ή
507 3286 592 3370 μάχη
612 3283 664 3351 ἐπί
682 3295 821 3352 τοσοῦτο
841 3284 983 3370 ἐγένετο·
999 3281 1109 3370 Ἀρνεί·
1129 3303 1162 3352 σε

104 3397 203 3479 βαζος
231 3389 268 3457 δὲ
295 3392 313 3458 ὁ
343 3393 534 3478 Φαρνάκεος
561 3391 677 3458 αὐτίκα
703 3415 738 3457 τε
766 3393 828 3458 οὐκ
853 3392 1009 3480 ήρέσκετο
1035 3389 1106 3457 κατ’

104 3499 208 3585 ἀρχὰς
236 3498 430 3584 λειπομένου
453 3500 653 3584 Μαρδονίου
681 3497 744 3564 ἀπὸ
766 3499 933 3585 βασιλέος,
960 3495 1014 3565 καὶ
1037 3501 1109 3565 τότε
