2678 3968
407 285 562 344 LIB.v111.
598 288 852 346 emma-129.
1073 287 1137 354 311

132 430 196 515 γὰρ
225 425 273 495 ὧν
300 428 458 518 λέγεται),
485 430 578 509 τέλος
605 430 717 516 μέντοι
744 432 857 500 τοιάδε
884 435 1024 519 έγίνετο·
1056 437 1139 516 ὅκως

132 539 265 619 βιβλίον
288 537 424 621 γράψειε
442 537 462 621 ή
486 537 675 623 Τιμόξεινος
693 538 821 606 ἐθέλων
839 543 927 626 παρὰ
942 537 1139 629 Ἀρτάβαζον

131 641 258 726 πέμψαι
273 641 294 728 ή
306 639 499 727 Ἀρτάβαζος
512 646 602 730 παρὰ
619 645 823 730 Τιμόξεινον,
841 646 1038 732 τοξεύματος
1051 652 1140 736 παρὰ

132 750 191 826 τὰς
204 751 368 834 γλυφίδας
381 750 635 836 περιειλίξαντες
648 750 704 816 καὶ
718 753 943 838 πτερώσαντες
956 755 994 819 τὸ
1008 757 1140 838 βιβλίον

132 853 285 932 ἐτόξευον
308 855 342 933 ές
365 860 582 941 συγκείμενον
604 862 738 944 χωρίον.
774 859 926 936 ἐπάιστος
949 855 986 925 δὲ
1010 859 1139 944 ἐγένετο

119 960 152 1026 ’δ
179 961 368 1045 Τιμόξεινος
390 966 573 1049 προδιδοὺς
594 966 655 1048 τήν
679 966 878 1031 Ποτίδαιαν·
909 964 1054 1044 τοξεύων
1076 967 1139 1051 γδιρ

131 1067 152 1133 δ
173 1062 366 1153 Ἀρτάβαζος
387 1069 421 1148 ές
442 1072 480 1136 τὸ
503 1075 732 1156 συγκείμενον,
755 1071 911 1158 ἁμαρτών
933 1081 993 1138 τοῦ
1015 1075 1140 1158 χωρίου

131 1176 254 1242 τούτου
277 1177 390 1260 βάλλει
412 1177 535 1264 ἀνδρὸς
558 1179 785 1262 Ποτιδαιήτεω
807 1180 867 1245 τὸν
890 1174 997 1264 ὦμον,
1019 1179 1080 1244 τὸν
1102 1175 1140 1243 δέ

131 1280 300 1366 βληθέντα
327 1282 524 1368 περιέδραμε
552 1284 680 1368 ὅμιλος,
709 1276 764 1350 οἷα
791 1283 898 1368 φιλέει
924 1287 1081 1368 γίνεσθαι
1103 1284 1140 1350 έν

131 1387 280 1475 πολέμῳ,
308 1391 344 1453 οἳ
368 1388 484 1454 αὐτίκα
511 1391 548 1455 τὸ
576 1389 717 1475 τόξευμα
744 1393 915 1474 λαβόντες,
944 1391 988 1468 ώς
1011 1393 1140 1475 ἔμαθον

131 1495 183 1564 τὸ,
189 1497 330 1578 βιβλίον,
354 1497 476 1581 ἔφερον
499 1493 552 1561 ἐπὶ
570 1499 649 1572 τοὺς
667 1497 883 1580 στρατηγούς·
901 1505 1010 1582 παρῆν
1029 1492 1066 1560 δὲ
1084 1493 1140 1561 καί

130 1611 199 1666 τῶν
227 1602 337 1666 άλλων
360 1605 582 1685 Παλληναίων
606 1605 781 1686 συμμαχίη.
826 1613 914 1668 τοῖσι
942 1599 979 1668 δὲ
1001 1618 1139 1689 στρατη-

131 1717 221 1790 γοῖσι
240 1705 499 1791 ἐπιλεξαμένοισι
516 1708 555 1774 τδ
573 1709 705 1790 βιβλίον
722 1705 778 1772 καὶ
792 1713 940 1792 μαθοῦσι
957 1709 1018 1772 τδν
1032 1713 1139 1774 αίτιον

131 1823 189 1897 τῆς
215 1814 397 1898 προδοσίης
423 1812 515 1890 ἔδοξε
542 1814 586 1897 μή
613 1812 814 1896 καταπλῆξαι
840 1812 1032 1898 Τιμόξεινον
1059 1834 1140 1895 προ-

132 1920 229 2005 δοσίη
261 1929 319 2003 τῆς
347 1920 545 1984 Σκιωναίων
577 1921 692 1995 πόλιος
723 1919 846 2003 εἵνεκα,
879 1920 922 2003 μή
951 1921 1138 2003 νομιζοίατο

132 2021 219 2091 εἶναι
246 2029 429 2090 Σκιωναῖοι
459 2023 493 2100 ές
523 2024 582 2088 τὸν
614 2022 782 2108 μετέπειτα
813 2026 937 2109 χρόνον
969 2023 1033 2090 αίεδ
1059 2046 1139 2110 προ-

133 2133 237 2197 δόται.
282 2130 300 2196 ὁ
328 2127 388 2214 μὲν
417 2131 458 2214 δή
481 2130 620 2216 τοιούτω
648 2131 758 2216 τρόπῳ
793 2128 945 2206 ἐπάιστος
976 2129 1139 2214 ἐγεγόνεε·

130 2232 313 2324 Ἀρταβάζῳ
346 2233 383 2301 δὲ
415 2235 527 2319 ἐπειδή
559 2233 787 2317 πολιορκέοντι
819 2234 1017 2318 ἐγεγόνεσαν
1042 2248 1130 2323 τρεῖς
1141 2259 1192 2310 129

133 2353 242 2428 μῆνες,
255 2347 381 2426 γίνεται
394 2343 540 2426 ἄμπωτις
553 2350 611 2425 τῆς
623 2341 795 2426 θαλάσσης
809 2341 932 2426 μεγάλη
946 2340 1001 2408 καὶ
1014 2347 1139 2429 χρόνον

132 2447 186 2516 ἐπὶ
203 2451 338 2514 πολλόν.
371 2449 498 2525 ίδόντες
517 2443 553 2512 δὲ
572 2448 607 2513 οί
622 2447 785 2533 βάρβαροι
803 2447 940 2532 τέναγος
957 2452 1138 2534 γενόμενον

131 2558 298 2640 παρήισαν
316 2555 350 2632 ές
366 2557 428 2639 τήν
442 2558 632 2638 Παλλήνην.
667 2554 712 2630 ώς
730 2551 767 2620 δέ
784 2556 842 2633 τὰς
860 2556 922 2620 δύο
942 2553 1002 2640 μέν
1020 2561 1139 2642 μοίρας

132 2663 440 2746 διοδοιπορήκεσαν,
458 2663 506 2726 έτι
525 2657 562 2726 δέ
575 2671 663 2746 τρεῖς
675 2659 852 2726 ὑπόλοιποι
866 2656 962 2744 ήσαν,
980 2663 1038 2738 τὰς
1052 2663 1138 2728 διελ-

130 2771 256 2844 θόντας
277 2776 361 2853 χρῆν
383 2761 469 2832 εἶναι
492 2768 555 2833 ἔσω
580 2767 616 2832 έν
638 2775 678 2851 τῆ
697 2770 867 2852 Παλλήνη,
891 2765 1014 2851 ἐπῆλθε
1033 2772 1138 2852 πλημ-

131 2873 230 2960 μυρὶς
255 2883 313 2958 τῆς
339 2872 511 2956 θαλάσσης
537 2873 677 2956 μεγάλη,
706 2873 767 2955 ὅση
795 2872 926 2956 οὐδαμά
947 2896 1009 2956 κω,
1038 2873 1082 2949 ώς
1105 2873 1140 2938 οί

131 2981 301 3067 ἐπιχώριοι
319 2978 464 3062 λέγουσι,
481 2979 638 3055 πολλάκις
655 2976 823 3063 γινομένη.
858 2978 894 3044 οί
909 2975 969 3061 μὲν
988 2979 1029 3062 δή
1047 2976 1137 3046 νέειν

130 3088 242 3154 αὐτῶν
265 3086 327 3152 οὐκ
350 3085 559 3170 ἐπιστάμενοι
582 3086 828 3169 διεφθείροντο,
851 3086 931 3161 τοὺς
953 3080 990 3149 δέ
1007 3083 1136 3150 ἐπιστα-

130 3194 252 3278 μένους
266 3194 302 3259 οί
313 3193 531 3275 Ποτιδαιῆται
540 3190 782 3267 ἐπιπλώσαντες
794 3194 940 3256 πλοίοισι
954 3190 1136 3260 ἀπώλεσαν.

130 3307 238 3366 αίτιον
261 3295 299 3365 δὲ
321 3297 455 3384 λέγουσι
474 3298 691 3379 Ποτιδαιῆται
713 3305 771 3380 τῆς
792 3319 827 3362 τε
851 3297 965 3382 ῥηχίης
989 3295 1057 3379 [καὶ
1079 3308 1136 3383 τῆς

129 3406 372 3491 πλημμυρίδος]
391 3403 526 3471 καὶτοῦ
544 3408 712 3488 Περσικοῦ
730 3404 855 3482 πάθεος
872 3402 1030 3488 γενέσθαι
1048 3405 1135 3488 τόδε,

128 3511 181 3576 δτι
208 3510 242 3587 ές
267 3519 328 3575 τοῦ
352 3511 583 3588 Ποσειδέωνος
608 3509 667 3576 τὸν
694 3511 778 3591 νηὸν
805 3507 860 3576 καλ
886 3510 924 3576 τδ
947 3511 1076 3596 άγαλμα
1098 3513 1135 3578 τὸ
