2640 3960
6 255 10 348 λ

405 253 471 307 LIB.
491 252 537 307 VI.
575 251 650 307 CAP.
671 257 792 308 61-63.
1058 255 1102 320 95

97 395 303 478 ἀπικομένην
316 394 455 477 Ἀγητος
479 393 693 477 ὁἈλκείδεω,
717 390 814 473 οὗτος
837 399 879 481 δὴ
903 397 921 463 ὁ
943 407 1003 463 τοῦ
1019 396 1102 484 Ἀρί-

6 577 7 586 ¹
98 519 227 576 στωνος
245 504 352 583 φίλος.
383 502 442 565 τὸν
461 497 497 564 δὲ
513 498 693 584 Ἀρίστωνα
712 503 814 579 ἔκνιζε
833 503 897 587 ἀρα
915 514 972 587 τῆς
989 528 1100 586 γνναι-
1120 521 1154 570 ον

5 634 6 656 1
97 609 156 683 κὸς
178 607 298 689 ταύτης
321 609 416 691 ἔρως·
448 615 631 690 μηχανᾶται
655 608 695 690 δὴ
723 607 847 672 τοιάδε·
880 609 978 686 αὐτός
1000 633 1034 674 τε
1056 621 1101 698 τῳ·

98 713 229 799 ἑταίρῳ,
253 720 313 776 τοῦ
334 707 376 794 ἦν
398 710 419 794 ἡ
442 713 527 794 γυνὴ
547 711 646 794 αὕτη,
666 710 859 777 ὑποδέκεται
878 715 1021 798 δωτίνην
1039 717 1102 780 δά-

98 838 171 884 σειν
194 829 261 882 τῶν
284 817 409 882 ἑωυτοῦ
431 817 564 881 πάντων
584 817 631 899 ἑν,
654 819 692 882 τὸ
711 817 753 883 ἀν
772 819 870 896 αὐτὸς
888 819 1012 896 ἐκεῖνος
1030 820 1102 904 ἑλη-

97 949 166 1006 ται,
202 921 258 987 καί
294 925 352 987 τὸν
390 923 521 1008 ἑταῖρον
553 921 663 1010 ἑωντῳ
697 922 824 990 ἐκέλευε
856 925 1011 1003 ὡσαύτως
1042 927 1102 1010 την

4 1119 5 1122 ¹
98 1031 219 1115 ὁμοίην
238 1030 377 1092 διδόναι.
401 1027 419 1092 δ
439 1025 476 1092 δὲ
496 1026 597 1093 οὐδὲν
616 1027 780 1112 φοβηθεὶς
798 1025 883 1113 ἀμφὶ
901 1039 940 1115 τῇ
958 1035 1100 1115 γυναικί,

98 1135 206 1220 ὁρέων
229 1133 349 1198 έοῦσαν
372 1131 427 1197 καὶ
442 1131 614 1217 Ἀρίστωνι
632 1146 783 1217 γυναῖκα,
807 1137 969 1201 καταινέει
987 1145 1100 1200 ταῦτα·

97 1241 152 1308 έπλ
174 1241 319 1304 τούτοισι
343 1237 380 1304 δὲ
403 1239 523 1322 ὅρκους
545 1239 721 1323 ἐπήλασαν.
743 1241 823 1324 μετά
845 1237 883 1305 δὲ
905 1241 1004 1317 αύτός
1025 1264 1060 1306 τε
1082 1242 1101 1307 δ

93 1346 255 1431 Ἀρίστων
279 1346 380 1409 ἑδωκε
402 1354 511 1426 τοῦτο,
535 1345 553 1409 ὅ
576 1368 607 1409 τι
631 1347 672 1428 δὴ
695 1340 748 1428 ἦν,
771 1345 808 1410 τὸ
832 1345 935 1410 είλετο
953 1357 1021 1410 των
1037 1370 1101 1411 κει-

8 1465 11 1476 ’
97 1455 226 1537 μηλίων
240 1462 306 1515 τῶν
318 1447 514 1535 Ἀρίστωνος
534 1449 710 1533 δἈγητος,
729 1448 783 1515 καί
798 1451 896 1528 αὐτὸς
908 1454 969 1535 τὴν
983 1452 1101 1536 ὁμοίην

98 1558 220 1642 ζητέων
244 1555 407 1640 φέρεσθαι
429 1553 505 1640 παρ’
533 1555 672 1638 ἐκείνου,
696 1555 843 1622 ἐνθαῦτα
866 1559 908 1641 δὴ
931 1567 991 1622 τοῦ
1018 1556 1101 1622 ἑταί-

97 1689 161 1750 ρου
183 1664 245 1746 τὴν
267 1673 407 1745 γυναῖκα
431 1661 581 1746 ἐπειρᾶτο
604 1662 798 1745 ἀπάγεσθαι.
830 1661 905 1728 δδὲ
922 1665 1008 1746 πλὴν
1026 1665 1101 1728 τού-

95 1795 157 1835 του
189 1769 317 1853 μούνου
339 1771 379 1832 τά
406 1769 488 1832 ἀλλα
516 1771 579 1851 ἔφη
606 1767 808 1832 καταινέσαι·
841 1768 1102 1853 ἀναγκαζόμενος

96 1875 212 1960 μέντοι
233 1882 278 1960 τῷ
301 1897 337 1938 τε
360 1874 446 1960 ὅρκῳ
469 1871 525 1938 καὶ
547 1882 604 1957 τῆς
622 1870 746 1956 ἀπάτης
763 1881 802 1957 τῇ
820 1883 999 1958 παραγωγῇ
1013 1875 1103 1939 ἀπιεῖ

96 1981 291 2063 ἀπάγεσθαι.
317 1979 402 2044 ούτω
422 1977 482 2062 μὲν
503 1980 543 2062 δὴ
562 1981 623 2062 τὴν
641 1981 755 2063 τρίτην
770 1978 946 2062 ἐσηγάγετο
960 1991 1100 2063 γυναῖκα
1119 2001 1152 2050 63

96 2085 292 2171 δἈρίστων,
307 2087 367 2168 τὴν
383 2084 541 2169 δευτέρην
551 2085 833 2169 ἀποπεμψάμενος.
848 2085 884 2150 έν
894 2084 934 2150 δέ
946 2087 981 2151 οί
991 2089 1099 2174 χρόνῳ

97 2194 254 2260 ἐλάσσονι
276 2190 329 2256 καὶ
353 2193 394 2256 οὐ
416 2192 616 2276 πληρώσασα
638 2193 716 2267 τοὺς
739 2190 817 2256 δέκα
845 2200 950 2274 μῆνας
972 2191 992 2275 ἡ
1015 2194 1100 2276 γυνη

97 2301 180 2381 αὕτη
204 2302 303 2362 τίκτει
325 2306 444 2362 τοῦτον
468 2299 509 2380 δὴ
527 2299 587 2362 τὸν
605 2297 815 2381 Δημάρητον.
845 2300 903 2361 καί
917 2301 966 2374 τίς
984 2299 1019 2363 οί
1034 2309 1100 2363 τῶν

97 2403 252 2472 οἰκετέων
275 2403 311 2468 έν
337 2405 438 2489 θώκῳ
466 2395 647 2490 κατημένῳ
664 2404 743 2487 μετά
764 2413 832 2469 τῶν
854 2403 987 2489 ἐφόρων
1009 2403 1100 2488 έξαγ-

97 2512 206 2596 γέλλει
224 2511 268 2586 ὥς
282 2509 317 2573 οί
332 2519 407 2585 παῖς
421 2507 546 2592 γέγονε.
575 2509 593 2574 δ
612 2506 649 2574 δὲ
668 2508 880 2594 ἐπιστάμενός
897 2533 932 2575 τε
949 2512 1009 2576 τὸν
1026 2513 1100 2595 χρό·

95 2641 160 2682 νον
182 2623 228 2702 τῷ
252 2615 390 2697 ἠγάγετο
413 2617 475 2697 τὴν
497 2625 637 2696 γυναῖκα
664 2613 718 2679 καλ
746 2613 798 2680 ἐπὶ
826 2617 997 2680 δακτύλων
1020 2633 1100 2698 συμ-

96 2725 282 2807 βαλόμενος
299 2723 377 2796 τοὺς
395 2730 500 2804 μῆνας
520 2714 589 2784 εἷπε
603 2720 781 2805 ἀπομόσας·
811 2721 882 2786 Οὐκ
896 2720 937 2786 ἀν
951 2721 1027 2804 ἑμὸς
1041 2725 1099 2801 είη.

96 2837 195 2894 τοῦτο
219 2828 367 2909 ἥκουσαν
390 2824 451 2909 μὲν
480 2827 515 2890 οί
540 2828 672 2909 ἔφοροι,
701 2835 834 2910 πρῆγμα
861 2824 973 2909 μέντοι
1000 2821 1100 2905 οὐδὲν

97 2936 296 3016 ἐποιήσαντο
319 2933 355 2996 τὸ
379 2934 576 3014 παραυτίκα·
610 2930 628 2996 ὁ
656 2928 693 2996 δὲ
722 2942 798 3006 ταῖς
820 2929 950 3014 ηύξετο,
978 2926 1099 3016 καὶτῷ

92 3039 267 3123 Ἀρίστωνι
289 3039 327 3102 τὸ
350 3036 525 3122 είρημένον
549 3036 712 3120 μετέμελε·
743 3037 846 3100 παῖδα
868 3036 931 3119 γάρ
953 3033 1012 3098 τὸν
1034 3038 1101 3117 Λη-

97 3145 246 3230 μάρητον
270 3142 303 3219 ές
325 3144 364 3206 τά
387 3142 526 3226 μάλιστά
549 3142 583 3205 οί
604 3141 735 3224 ἐνόμισε
763 3136 857 3205 εἶναι.
898 3139 1101 3224 Δημάρητον

97 3248 133 3315 δὲ
149 3250 279 3332 ούνομα
297 3249 390 3311 ἔθετο
410 3247 498 3332 αὐτῷ
514 3247 569 3310 διὰ
587 3245 675 3308 τόδε·
698 3247 860 3328 πρότερον
878 3245 1005 3309 τούτων
1019 3266 1101 3310 παν-

97 3355 193 3440 δημεὶ
223 3357 426 3436 Σπαρτιῆται
452 3345 639 3435 Ἀρίστωνι,
671 3349 716 3424 ὡς
747 3346 845 3433 ἀνδρί
876 3348 1101 3433 εὐδοκιμέοντι

97 3463 154 3526 διὰ
176 3460 310 3525 πάντων
335 3458 375 3542 δὴ
398 3467 465 3520 τῶν
494 3453 658 3538 βασιλέων
689 3463 756 3518 τῶν
783 3454 819 3519 έν
848 3454 983 3541 Σπάρτη
1006 3479 1100 3538 γενο-
