2678 3970
199 270 262 332 174
609 265 795 321 HERODOTI

197 412 401 477 ἐπικαύτοισι
422 411 611 498 χρεώμενοι.
658 410 799 493 ἄρχοντα
823 406 860 474 δέ
884 411 1078 494 παρείχοντο
1101 412 1200 474 Μασ-

146 534 178 583 72
198 517 305 599 σάγην
326 518 386 583 τὸν
401 514 557 603 Ὀαρίζου.
595 518 815 600 Παφλαγόνες
838 512 874 581 δέ
893 515 1126 599 ἐστρατεύοντο
1146 513 1200 579 ἐπὶ

197 617 258 706 μὲν
275 629 350 706 τῇσι
368 629 530 708 κεφαλῇσι
549 623 671 708 κράνεα
685 620 890 706 πεπλεγμένα
904 624 1044 704 ἔχοντες,
1058 620 1200 697 ἀσπίδας

198 723 235 792 δέ
257 729 396 814 σμικράς
419 729 535 814 αἰχμάς
552 752 587 793 τε
606 727 648 793 ού
665 728 816 812 μεγάλας,
835 728 917 810 πρὸς
935 723 973 792 δὲ
991 726 1125 792 ἀκόντια
1142 725 1200 791 καὶ

198 833 390 920 ἐγχειρίδια,
422 832 498 920 περὶ
531 831 568 900 δὲ
599 836 678 910 τοὺς
704 835 808 910 πόδας
838 831 955 898 πέδιλα
983 821 1140 918 ἐπιχώρια
1167 832 1200 908 ἐς

198 939 301 1024 μέσην
329 942 458 1025 κνήμην
481 939 704 1005 ἀνατείνοντα.
750 943 872 1022 Λάγυες
894 935 931 1004 δὲ
953 936 1009 1004 καὶ
1030 937 1200 1022 Ματιηνοὶ

197 1043 252 1110 καὶ
278 1048 518 1130 Μαριανδυνοί
546 1068 581 1110 τε
610 1043 664 1110 καί
692 1047 814 1131 Σύριοι
843 1045 904 1128 τήν
936 1045 1039 1129 αὐτήν
1071 1047 1201 1129 ἔχοντες

199 1154 399 1236 Παφλαγόσι
436 1151 679 1234 ἐστρατεύοντο.
726 1152 761 1215 os
787 1148 824 1216 δέ
855 1152 978 1235 Σκύριοι
1009 1146 1103 1216 οὗτοι
1135 1150 1200 1216 ὑπὸ

199 1256 357 1342 Περσέων
389 1259 609 1322 Καππαδόκαι
639 1255 820 1322 καλέονται.
872 1259 1106 1340 Παφλαγόνων
1138 1255 1200 1340 μέν

198 1387 262 1428 νυν
289 1361 343 1428 καὶ
366 1366 550 1446 Ματιηνῶν
573 1368 690 1438 Δῶτος
717 1361 735 1428 ὁ
757 1364 976 1448 Μεγασίδρου
1002 1357 1096 1448 ήρχε,
1124 1367 1200 1427 Μα-
1322 1427 1323 1438 ,

199 1471 389 1554 ριανδυνῶν
423 1465 459 1533 δὲ
489 1467 544 1533 καὶ
570 1471 707 1552 Λιγύων
739 1466 795 1534 καὶ
822 1471 958 1552 Συρίων
989 1469 1150 1554 Γωβρύης
1182 1469 1200 1534 ὁ

50 1643 53 1650 ,
147 1594 179 1642 13
199 1578 348 1660 Δαρείου
379 1597 414 1638 τε
445 1572 501 1639 καί
525 1571 759 1658 Ἀρτυστώνης.
807 1576 935 1658 Φρύγες
966 1570 1004 1640 δέ
1032 1575 1200 1659 ἀγχοτάτω

197 1690 255 1765 τῇς
285 1685 545 1764 Παφλαγονικῆς
577 1682 698 1764 σκευήν
730 1677 834 1765 εἶχον,
869 1681 984 1764 ὀλίγον
1014 1679 1200 1763 παραλλάσ-

199 1803 321 1863 σοντες.
367 1787 402 1852 οί
427 1782 464 1852 δὲ
493 1787 637 1870 Φρύγες,
665 1787 709 1862 ὡς
731 1787 925 1862 Μακεδόνες
952 1784 1100 1868 λέγουσι,
1129 1785 1202 1850 ἐκα-

199 1893 314 1960 λέοντο
332 1895 452 1976 Βρίγες
470 1895 592 1977 χρόνον
611 1893 692 1957 ὅσον
711 1891 902 1976 Εὐρωπήιοι
923 1891 1032 1968 ε’ύντες
1050 1892 1201 1956 σύνοικοι
1322 1949 1323 1954 ,

199 1994 284 2081 ήσαν
306 1999 495 2080 Μακεδόσι,
524 1998 720 2082 μεταβάντες
743 1993 780 2062 δὲ
804 1997 836 2074 ἐς
858 1998 919 2080 τήν
939 1993 1051 2080 Ἀσίην
1074 1997 1139 2081 ἅμα
1162 2005 1201 2081 τῇ
1323 1990 1324 2006 ἶ

199 2105 288 2189 χώρη
311 2102 367 2168 καὶ
393 2107 430 2169 τὸ
459 2105 586 2188 οὔνομα
613 2104 791 2188 μετέβαλον
820 2103 866 2187 [ἐς
892 2103 1048 2188 Φρύγας].
1091 2098 1202 2189 Ἀρμέ-

88 2253 92 2261 ,
199 2233 268 2274 νιοι
296 2206 333 2274 δὲ
361 2211 442 2276 κατά
464 2232 524 2295 περ
555 2212 683 2293 Φρύγες
706 2210 897 2293 ἐσεσάχατο,
924 2209 1034 2285 ἐόντες
1058 2214 1202 2295 Φρυγῶν

200 2316 339 2379 ἀποικοι.
384 2316 512 2380 τούτων
539 2314 801 2399 συναμφοτέρων
824 2311 902 2400 ήρχε
922 2311 1109 2399 Ἀρτόχμης,
1133 2321 1202 2380 Δα-

149 2439 182 2487 74
201 2422 293 2504 ρείου
317 2423 401 2503 ἔχων
423 2419 600 2504 θυγατέρα.
637 2418 746 2485 Λυδοὶ
770 2417 806 2484 δέ
825 2420 991 2504 ἀγχοτάτω
1009 2432 1076 2486 τῶν
1090 2417 1203 2505 Ἑλλη-

200 2535 303 2590 νικῶν
335 2520 425 2609 είχον
455 2525 547 2590 ὅπλα.
594 2525 629 2590 οί
653 2522 690 2591 δὲ
717 2524 825 2591 Λυδοὶ
848 2529 998 2609 Μηίονες
1027 2527 1202 2593 ἐκαλεῦντο

154 2697 157 2704 ,
200 2632 237 2699 τὸ
259 2629 369 2714 πάλαι,
393 2628 444 2696 ἐπὶ
469 2628 505 2696 δὲ
524 2633 641 2697 Λυδοῦ
663 2641 724 2696 τοῦ
738 2630 857 2708 Ἀτνος
879 2634 977 2717 ἔσχον
999 2634 1060 2717 τήν
1078 2633 1203 2699 ἐπωνυ-

201 2741 295 2822 μίην,
327 2739 565 2822 μεταβαλόντες
595 2739 632 2802 τὸ
666 2738 801 2822 οὔνομα.
846 2737 962 2804 Μυσοὶ
994 2735 1031 2804 δὲ
1063 2737 1116 2804 ἐπί
1143 2736 1204 2824 μὲν

200 2854 274 2930 τῇσι
296 2848 459 2929 κεφαλῇσι
477 2839 567 2929 εἶχον
585 2843 706 2928 κράνεα
724 2843 891 2928 ἐπιχώρια,
914 2846 1054 2921 ἀσπίδας
1072 2842 1109 2910 δὲ
1131 2861 1203 2930 σμι-

200 2951 296 3035 κράς,
326 2950 508 3016 ἀκοντίοισι
536 2945 573 3016 δέ
600 2947 760 3034 ἐχρέωντο
790 2950 1001 3016 ἐπικαύτοισι.
1047 2945 1140 3017 οὗτοι
1167 2950 1207 3016 δέ
1323 2950 1324 2956 '

202 3059 265 3121 είσι
283 3058 407 3122 Λυδῶν
431 3058 572 3139 ἄποικοι,
596 3053 650 3120 ἀπ’
673 3053 838 3140 Ὀλύμπου
861 3054 898 3122 δὲ
921 3058 1015 3141 όρεος
1032 3055 1204 3124 καλέονται

198 3160 420 3246 Ὀλυμπιηνοί.
456 3164 580 3228 Λυδῶν
604 3159 640 3228 δὲ
662 3160 718 3227 καί
739 3165 870 3227 Μυσῶν
887 3158 966 3247 ήρχε
981 3160 1204 3249 Ἀρταφρένης

202 3267 220 3333 δ
242 3262 495 3353 Ἀρταφρένεος,
523 3268 560 3345 ὃς
583 3268 616 3345 ἐς
637 3272 837 3353 Μαραθῶνα
865 3267 998 3352 ἐσέβαλε
1020 3268 1087 3354 ἀμα
1109 3269 1204 3334 Δάτι.

151 3390 183 3440 ’15
203 3376 341 3458 Θρήικες
368 3370 405 3438 δὲ
428 3373 481 3438 ἐπὶ
503 3370 564 3458 μὲν
585 3383 659 3458 τῇσι
681 3379 842 3458 κεφαλῇσι
864 3372 1048 3452 ἀλωπεκέας
1075 3379 1205 3460 ἔχοντες

203 3479 448 3562 ἐστρατεύοντο,
472 3476 546 3562 περὶ
565 3476 602 3543 δέ
620 3481 657 3543 τὸ
677 3489 770 3562 σῶμα
792 3485 948 3562 κιθῶνας,
972 3478 1024 3544 ἐπὶ
1044 3478 1081 3546 δὲ
1100 3484 1205 3562 ζειρὰς
