2678 3970
204 291 267 356 198
619 286 806 342 HERODOTI

203 431 444 517 συλλεγομένης
466 430 521 498 καί
543 434 695 516 κήρυγμα
716 432 848 496 τοιόνδε
866 428 1084 514 ποιευμένων,
1108 435 1141 494 εί
1155 452 1205 506 τις

202 541 357 624 βούλοιτο
385 540 658 623 Λακεδαιμονίων
689 537 753 621 πρὸ
784 546 842 620 τῆς
868 536 1023 620 Σπάρτης
1055 535 1205 619 ἀποθνή·

203 661 304 728 σκειν,
327 648 500 729 Σπερθίης
521 667 556 708 τε
579 642 597 709 ὁ
623 639 818 728 Ἀνηρίστου
840 639 895 706 καὶ
918 645 1040 718 Βοῦλις
1061 640 1080 707 ὁ
1103 642 1204 706 Νικό-

203 756 281 833 λεω,
313 752 434 836 ἀνδρες
461 754 665 836 Σπαρτιῆται
697 749 780 832 φύσι
810 770 845 812 τε
876 748 1049 830 γεγονότες
1080 741 1118 811 εὖ
1150 744 1204 811 καὶ

202 858 345 942 χρήμασι
368 856 546 939 ἀνήκοντες
573 855 606 932 ές
627 855 668 919 τδι
688 864 815 940 πρῶτα,
839 851 1013 918 ἐθελονταὶ
1035 851 1204 918 ὑπέδυσαν
1324 925 1325 928 ¹

202 964 324 1046 ποινήν
354 973 442 1026 τῖσαι
473 961 576 1047 Ξέρξη
608 971 675 1025 τῶν
704 961 852 1044 Δαρείου
883 960 1038 1045 κηρύκων
1069 969 1136 1024 τῶν
1167 958 1204 1024 έν
1324 937 1325 954 ¹

202 1069 340 1153 Σπάρτη
371 1065 593 1152 ἀπολομένων.
640 1066 726 1130 οὕτω
756 1069 961 1150 Σπαρτιῆται
991 1065 1129 1141 τούτους
1161 1065 1205 1140 ὡς

152 1194 201 1245 1³5
212 1172 507 1258 ἀποθανευμένους
538 1173 571 1250 ές
598 1173 740 1256 Μήδους
766 1171 968 1255 ἀπέπεμψαν.
1018 1170 1100 1253 αὕτη
1126 1193 1161 1235 τε
1183 1169 1204 1254 ἡ

202 1281 306 1363 τόλμα
336 1280 464 1344 τούτων
496 1290 563 1344 τῶν
593 1278 726 1363 ἀνδρῶν
753 1278 909 1361 θώματος
935 1275 1008 1360 ἀξίη
1040 1275 1096 1342 καὶ
1126 1276 1205 1341 τάδε
1324 1259 1325 1310 ί

202 1387 284 1470 πρὸς
310 1385 457 1450 τούτοισι
487 1387 528 1449 τδι
555 1387 641 1449 ἔπεα.
691 1386 910 1469 πορευόμενοι
938 1383 1001 1468 γδιρ
1029 1382 1062 1459 ές
1088 1385 1204 1448 Σοῦσα

203 1490 414 1556 ἀπικνέονται
444 1492 533 1574 παρὰ
560 1489 725 1576 Ὑδάρνεα.
777 1489 795 1554 ὁ
824 1485 861 1554 δὲ
884 1485 1042 1574 Ὑδάρνης
1070 1483 1113 1571 ήν
1143 1483 1203 1572 μὲν

202 1596 299 1680 γένος
321 1596 469 1682 Πέρσης,
493 1598 673 1682 στρατηγὸς
696 1593 732 1662 δὲ
753 1606 821 1660 τῶν
843 1597 1125 1680 παραθαλασσίων
1147 1593 1203 1658 ἀν-

202 1704 350 1788 θρώπων
381 1713 448 1768 τῶν
475 1702 512 1767 έν
543 1711 583 1787 τή
611 1699 715 1788 Ἀσίη·
752 1703 788 1778 ὅς
820 1717 923 1786 σφεας
951 1699 1055 1778 ξείνια
1081 1698 1203 1786 προθέ-

203 1832 301 1892 μενος
324 1809 422 1892 ίστία,
445 1808 592 1889 ξεινίζων
615 1805 652 1874 δὲ
674 1814 779 1894 είρετο
799 1806 931 1890 [λέγων]
955 1807 1046 1870 τάδε·
1064 1805 1204 1891 ’Ἀνδρες
1324 1781 1325 1804 ¹

203 1916 471 1999 Λακεδαιμόνιοι,
494 1919 530 1979 τί
550 1916 591 1998 δή
614 1915 752 1998 φεύγετε
774 1913 909 1998 βασιλέϊ,
919 1915 1013 1996 φίλοι
1030 1910 1202 1994 γενέσθαι;
1317 1919 1325 1976 «f

203 2021 300 2102 ὁρᾶτε
335 2023 398 2107 γὰρ
435 2022 479 2098 ὡς
516 2019 683 2107 ἐπίσταται
715 2021 868 2103 βασιλεὺς
899 2020 1023 2104 ἀνδρας
1054 2017 1203 2100 ἀγαθοὺς

202 2135 315 2210 τιμᾶν,
339 2127 373 2204 ές
396 2127 454 2212 ἐμέ
473 2150 508 2192 τε
534 2125 590 2193 καὶ
615 2127 655 2192 τὰ
677 2126 738 2210 έμδι
760 2128 931 2211 πρήγματα
954 2123 1203 2207 ἀποβλέποντες.

204 2233 289 2295 οὑτω
323 2229 360 2297 δέ
390 2230 445 2298 καὶ
475 2233 567 2316 ὑμεῖς
599 2234 630 2297 εί
655 2234 766 2315 δοίητε
779 2210 897 2316 ’ὑμέας
929 2230 1050 2306 αὑτοὺς
1076 2229 1205 2314 βασιλέι

203 2335 404 2416 (δεδόξωσθε
436 2339 499 2421 γάρ
530 2339 613 2423 πρὸς
642 2338 745 2402 αὐτοῦ
780 2339 899 2418 ἀνδρες
934 2331 1019 2402 εἶναι
1051 2335 1203 2426 ἀγαθοί),

203 2441 338 2518 ἕκαστος
358 2441 400 2506 ἀν
418 2441 528 2526 ὑμέων
546 2444 641 2528 ἀρχοι
659 2451 718 2525 γής
736 2439 891 2519 Ἑλλάδος
909 2443 1026 2518 δόντος
1043 2443 1203 2525 βασιλέος.

202 2548 285 2632 πρὸς
306 2555 408 2611 ταῦτα
431 2547 650 2632 ὑπεκρίναντο
672 2548 764 2612 τάδε·
793 2545 965 2632 Ὕδαρνες,
989 2547 1050 2612 οὐκ
1071 2548 1105 2626 ἐξ
1128 2555 1203 2614 ίσου

203 2658 329 2739 γίνεται
354 2653 375 2736 ή
403 2654 587 2736 συμβουλίη
615 2652 636 2734 ἡ
664 2651 697 2729 ές
723 2652 822 2738 ήμέας
848 2655 1012 2718 τείνουσα.
1056 2663 1117 2719 τοῦ
1143 2651 1204 2739 μέν

165 2758 167 2766 ’
203 2762 265 2846 γὰρ
288 2756 528 2843 πεπειρημένος
547 2761 797 2843 συμβουλεύεις,
825 2767 885 2822 τοῦ
909 2754 946 2823 δὲ
968 2759 1102 2844 ἀπειρος
1123 2759 1202 2826 ἐών·

203 2869 240 2934 τὸ
272 2861 332 2950 μέν
364 2866 427 2950 γὰρ
460 2865 582 2941 δοῦλος
611 2859 697 2930 εἶναι
724 2863 916 2946 ἐξεπίστεαι,
949 2863 1141 2951 ἐλευθερίης
1167 2863 1205 2932 δὲ
1315 2935 1325 2950 ⁴

204 2973 292 3038 ούκω
323 2971 515 3056 ἐπειρήθης,
545 2965 614 3036 οὔτ’
646 2973 678 3036 εί
703 2973 771 3035 έστι
797 2972 902 3053 γλυκύ
929 2965 999 3035 οὔτ’
1024 2973 1056 3035 εί
1076 2975 1129 3056 μή.
1175 2975 1206 3037 εί

203 3081 266 3162 γάρ
299 3077 399 3161 αὐτῆς
429 3079 617 3162 πειρήσαιο,
650 3076 711 3141 ούκ
742 3074 783 3140 ἀν
815 3077 933 3160 δόρασι
964 3079 1205 3160 συμβουλεύοις

150 3203 202 3252 136
212 3185 291 3267 ημῖν
313 3181 389 3266 περὶ
411 3183 511 3266 αὐτῆς
534 3182 706 3266 μάχεσθαι,
729 3180 888 3246 ἀλλὰκαὶ
910 3181 1066 3248 πελέκεσι.
1102 3193 1204 3250 ταῦτα

204 3286 264 3373 μὲν
283 3285 441 3372 Ὑδάρνεα
464 3288 656 3371 ἀμείψαντο·
681 3288 838 3353 ἐνθεῦτεν
861 3284 898 3353 δὲ
920 3288 964 3364 ὡς
987 3287 1153 3372 ἀνέβησαν
1170 3290 1205 3368 ές

204 3399 321 3459 Σοῦσα
351 3391 407 3458 καὶ
438 3392 568 3476 βασιλέι·
593 3393 626 3470 ές
653 3396 732 3471 ὅφιν
758 3389 881 3476 ἦλθον,
911 3404 1023 3478 πρῶτα
1050 3392 1110 3479 μέν
1136 3407 1204 3462 τῶν

203 3501 404 3586 δορυφόρων
420 3501 624 3564 κελευόντων
637 3497 691 3562 καὶ
706 3498 852 3583 ἀνάγκην
871 3515 931 3583 σφι
944 3503 1205 3585 προσφερόντων
