2678 3968
239 261 305 325 288
653 258 842 314 HERODOTI

240 403 383 488 Ξέρξεω·
412 403 658 489 παραρτέεσθαί
676 428 711 469 τε
739 405 958 488 συνεβούλευε
985 403 1029 478 ὡς
1052 399 1247 485 ἀλεξησομέ-

241 534 330 586 νονς.
367 508 422 575 καὶ
443 511 461 577 δ
480 508 542 595 μὲν
559 518 661 575 ταῦτα
679 515 772 588 είπας
790 511 989 593 μετεστήκεε,
1011 519 1078 574 τῶν
1097 505 1135 573 δὲ
1154 501 1247 583 αὖτις

242 615 368 698 ἐγίνετο
392 618 502 700 λόγων
525 616 744 700 ἀμφισβασίη·
767 616 803 680 ol
821 617 885 697 γάρ
907 619 1044 690 πλεῦνες
1061 623 1129 678 τῶν
1148 629 1246 697 στρα-

187 736 222 784 82
241 732 351 804 τηγῶν
378 722 439 787 οὐκ
468 722 642 788 ἐπείθοντο
665 722 705 786 τδι
728 719 976 804 ἐσαγγελθέντα.
1021 719 1245 784 ἀπιστεόντων

244 822 280 891 δέ
303 828 431 893 τούτων
453 823 511 910 ήκε
529 830 664 912 τριήρης
682 826 815 911 ἀνδρῶν
837 829 968 908 Τηνίων
988 823 1244 909 αὐτομολέουσα,
1314 903 1315 928 ρ

240 942 298 1017 τής
323 929 403 1017 ἦρχε
430 933 514 1018 ἀνήρ
539 930 691 1019 (Τήνιος)
720 934 901 1008 Παναίτιος
928 931 946 997 ὁ
970 929 1197 1015 Σωσιμένεος,
1224 931 1244 1012 ή
1314 1011 1315 1024 ρ

243 1059 305 1124 περ
338 1039 379 1121 δὴ
412 1040 509 1123 ἔφερε
539 1039 601 1121 τήν
632 1037 793 1120 ἀληθείην
824 1045 941 1102 πᾶσαν.
991 1038 1047 1101 διδι
1078 1034 1116 1103 δὲ
1146 1045 1245 1102 τοῦτο

241 1145 279 1208 τὸ
312 1146 412 1228 ἔργον
444 1143 675 1228 ἐνεγράφησαν
708 1145 823 1226 Τήνιοι
855 1142 892 1208 ἐν
921 1147 1086 1226 Δελφοῖσι
1122 1142 1155 1219 ἐς
1187 1144 1246 1208 τὸν
1314 1177 1315 1232 3

241 1251 382 1334 τρίποδα
415 1249 453 1314 ἐν
482 1261 569 1315 τοῖσι
599 1251 659 1315 τὸν
686 1249 856 1333 βάρβαρον
883 1253 1066 1314 κατελοῦσι.
1112 1251 1176 1314 σὺν
1209 1246 1247 1314 δὲ
1314 1249 1315 1304 ί

241 1351 290 1421 ὧν
317 1357 418 1442 ταύτῃ
446 1365 485 1440 τή
512 1353 568 1438 νηὶ
594 1365 633 1440 τή
657 1355 908 1440 αὐτομολησάσῃ
937 1354 970 1430 ἐς
992 1359 1167 1439 Σαλαμῖνα
1190 1353 1247 1420 καὶ

241 1471 281 1546 τῇ
310 1465 473 1546 πρότερον
501 1457 550 1526 ἐπ’
574 1457 778 1546 Ἀρτεμίσιου
804 1469 844 1545 τῇ
866 1463 1000 1546 Λημνίη
1027 1459 1246 1545 ἐξεπληροῦτο

242 1568 279 1632 τὸ
303 1569 460 1633 ναυτικὸν
483 1578 569 1632 τοῖσι
583 1565 719 1650 Ἕλλησι
742 1567 774 1643 ές
796 1568 853 1642 τδις
876 1566 1066 1650 ὀγδώκοντα
1084 1565 1138 1632 καὶ
1155 1591 1247 1651 τριη-

243 1676 357 1750 κοσίας
383 1672 473 1750 νέας·
507 1674 568 1738 δύο
597 1675 660 1756 γάρ
689 1673 729 1756 δή
757 1683 843 1738 νεῶν
872 1675 945 1738 τότε
972 1671 1104 1738 κατέδεε
1131 1672 1165 1749 ἐς
1185 1674 1247 1738 τὸν

243 1777 398 1862 ἀριθμόν.

190 1899 225 1948 83
332 1887 425 1948 Τοῖσι
459 1881 495 1949 δέ
519 1883 655 1967 Ἕλλησι
682 1883 726 1959 ὡς
757 1885 855 1948 πιστά
882 1884 922 1966 δή
951 1885 989 1948 τδι
1016 1886 1175 1967 λεγόμενα
1202 1879 1247 1967 ήν
1314 1933 1315 1942 ,

243 2000 310 2054 τῶν
341 1992 472 2073 Τηνίων
504 1989 648 2074 ῥήματα,
684 1991 963 2073 παρεσκευάζοντο
1000 1991 1044 2066 δις
1078 1993 1248 2074 ναυμαχή-

244 2111 367 2172 σοντες.
404 2096 471 2180 ήάις
492 2120 527 2161 τε
551 2097 592 2179 δή
617 2093 767 2180 διέφαινε
785 2092 840 2160 καὶ
859 2098 894 2160 οδ
909 2097 1074 2178 σύλλογον
1092 2106 1159 2160 τῶν
1177 2095 1247 2160 ἐπι-

244 2199 371 2284 βατίων
402 2204 633 2286 ποιησάμενοι,
665 2202 869 2284 προηγόρευε
901 2196 939 2266 εὖ
971 2203 1087 2285 ἔχοντα
1117 2198 1178 2284 μὲν
1209 2201 1247 2266 ἐκ

243 2305 377 2371 πάντων
409 2306 654 2391 Θεμιστοκλέης.
703 2306 743 2369 τά
776 2301 812 2370 δὲ
844 2307 921 2370 ἔπεα
952 2301 994 2388 ήν
1025 2305 1131 2370 πάντα
1162 2305 1248 2393 (τὰ)

243 2410 372 2494 κρέσσω
395 2423 482 2476 τοῖσι
504 2413 622 2494 ήσσοσι
645 2407 887 2494 ἀντιτιθέμενα,
911 2411 972 2476 ὅσα
996 2411 1093 2494 δήέν
1113 2411 1248 2496 ἀνθρώ-

243 2538 310 2581 που
328 2517 412 2598 φύσι
429 2513 483 2580 καὶ
501 2517 678 2584 καταστάσι
697 2514 873 2598 ἐγγίνεται·
895 2516 1095 2599 παραινέσας
1116 2513 1153 2582 δέ
1169 2519 1249 2582 τού-

243 2647 311 2687 των
338 2623 378 2686 τά
404 2621 531 2707 κρέσσω
559 2619 729 2706 αἱρέεσθαι
755 2617 810 2684 καὶ
832 2619 1031 2698 καταπλέξας
1052 2621 1113 2704 τήν
1137 2621 1249 2707 ῥήσιυ,
1312 2613 1313 2620 ¹

244 2729 410 2813 ἐσβαίνειν
438 2725 565 2793 ἐκέλευε
588 2727 621 2804 ἐς
643 2728 699 2802 τάς
722 2724 807 2802 νέας.
852 2724 906 2790 καί
930 2721 1022 2792 οὗτοι
1044 2723 1105 2810 μὶν
1128 2729 1169 2810 δὴ
1195 2729 1250 2794 έσ-

245 2833 390 2918 έβαινον,
414 2831 469 2898 καὶ
492 2827 549 2915 ήκε
571 2831 592 2915 η
616 2829 673 2896 ἀπ’
695 2832 836 2914 Αίγίνης
857 2833 1002 2916 τριήρης,
1025 2831 1046 2914 ἣ
1069 2833 1150 2896 κατὰ
1167 2837 1250 2912 τοὺς

244 2941 406 3016 Αίακίδας
424 2939 620 3022 ἀπεδήμησε.
652 2937 799 3004 ἐνθαῦτα
817 2935 943 3020 ἀνῆγον
960 2938 1017 3014 τδις
1029 2936 1106 3014 νέας
1120 2937 1251 3018 ἁπάσας
1314 2931 1315 2938 ¹

191 3061 226 3110 84
246 3043 458 3128 οίἝλληνες.
499 3042 732 3128 ἀναγομένοισι
756 3042 795 3108 δέ
815 3059 877 3127 σφι
899 3044 1015 3110 αὐτίκα
1038 3043 1191 3111 ἐπεκέατο
1216 3049 1253 3112 οί

244 3151 415 3235 βάρβαροι.
462 3150 497 3214 οί
520 3146 581 3232 μέν
612 3151 652 3232 δή
680 3150 775 3214 ἀλλον
798 3145 955 3233 Ἕλληνες
984 3147 1063 3230 [ἐπὶ]
1090 3152 1250 3237 πρύμνην

246 3254 467 3339 ἀνεκρούοντο
490 3252 544 3318 καὶ
567 3255 710 3319 ὤκελλον
732 3256 791 3331 τάς
812 3253 899 3338 νέας,
919 3251 1080 3339 Ἀμεινίης
1099 3255 1136 3322 δὲ
1156 3263 1251 3324 Παλ-

246 3361 366 3442 ληνεὺς
384 3359 467 3443 ἀνήρ
478 3357 664 3444 ,Ἀθηναῖος
686 3359 877 3446 ἐξαναχθεὶς
894 3357 950 3442 νηὶ
968 3359 1128 3446 ἐμβάλλει.
1165 3381 1252 3449 συμ-

242 3467 422 3544 πλακείσης
441 3461 478 3528 δὲ
495 3473 552 3546 τής
570 3465 645 3540 νεὸς
662 3463 717 3530 καί
735 3465 776 3531 οὐ
795 3463 990 3548 δυναμένων
1008 3464 1253 3552 ἀπαλλαγῆναι,
