2678 3970
215 235 279 299 208
623 231 811 287 Ηεοοοονῐ

214 377 376 468 ἄρχεσθαι
402 377 423 459 ἡ
445 399 477 441 τι
504 375 632 456 ὑπεῖξαι
654 377 962 460 Λακεδαιμονίοισι,
989 384 1160 460 προειπεῖν
1182 396 1221 439 τε

214 492 300 546 τοῖσι
328 480 495 565 ἀγγέλοισι
522 483 586 568 πρὸ
614 482 734 558 δόντος
760 481 857 565 ἡλίου
884 480 1154 546 ἀπαλλάσσεσθαι
1181 479 1220 545 ἐκ

213 596 271 670 τὴς
289 581 445 674 Ἀργείων
468 589 591 672 χώρης,
619 589 650 652 εί
671 584 708 652 δέ
730 589 789 671 μή,
816 584 1033 672 περιέψεσθαι
1055 585 1099 662 ὡς
1120 591 1220 650 πολε-

163 709 213 758 150
223 696 327 776 μίους.
374 691 468 759 αὐτοί
496 690 556 778 μὲν
576 691 717 777 Ἀργεῖοι
742 701 888 757 τοσαῦτα
913 693 1042 756 τούτων
1068 689 1143 777 πέρι
1166 689 1220 756 λέ-

213 815 324 881 γουσι·
344 801 412 864 ἐστι
432 796 468 864 δὲ
487 800 587 875 ἄλλος
604 801 701 881 λόγος
719 800 896 882 λεγόμενος
914 797 977 863 άνά
990 799 1051 880 τὴν
1064 793 1218 880 Ἑλλάδα,
1324 869 1325 892 χ

214 904 259 980 ὡς
280 903 402 990 Ξέρξης
431 907 553 987 έπεμψε
575 906 702 988 αηρυκα
729 903 762 980 ἐς
781 902 903 986 ’Ἀργος
928 905 1091 988 πρότερον
1112 904 1133 985 ἡ
1155 924 1219 988 περ

193 1009 356 1094 ·ὁρμὴσαι
382 1009 620 1092 στρατεύεσθαι
647 1007 700 1073 ἐπὶ
727 1009 789 1090 τὴν
812 1005 961 1072 Ἑλλάδα.
1007 1007 1150 1073 ἐλθόντα
1181 1005 1219 1072 δὲ

212 1123 334 1180 τοῦτον
370 1113 498 1197 λέγεται
534 1116 655 1178 εἰπεῖν·
692 1113 831 1197 ’Ἀνδρες
864 1107 1021 1199 Ἀργεῖοι,
1063 1116 1219 1196 βασιλεὺς

214 1219 337 1306 Ξέρξης
371 1220 449 1285 τάδε
486 1220 565 1304 ὑμῖν
597 1218 697 1302 λέγει·
730 1214 842 1303 Ἡμεῖς
873 1221 1049 1304 νομίζομεν
1081 1219 1219 1304 Πέρσην

215 1319 300 1390 εἶναι
332 1322 385 1390 ἀπ’
422 1321 463 1390 οὗ
494 1325 587 1409 ἡμεῖς
617 1314 816 1409 γεγόναμεν,
848 1326 951 1389 παῖδα
978 1323 1126 1410 Περσέος
1155 1334 1218 1390 τοῦ

214 1431 365 1514 Δανάης,
393 1434 554 1514 γεγονότα
582 1431 616 1496 ἐκ
642 1440 700 1514 τῆς
727 1429 861 1514 Κηφέος
891 1431 1059 1517 θυγατρὸς
1082 1429 1218 1512 Ἀνδρο-

215 1535 323 1620 μέδης.
367 1537 454 1602 οὕτω
478 1535 520 1601 άν
543 1533 591 1602 ὧν
613 1542 726 1620 είημεν
748 1535 901 1621 ὑμέτεροι
927 1536 1095 1620 άπόγονοι.
1141 1537 1217 1600 οὔτε

216 1637 263 1706 ὦν
290 1641 390 1725 ἡμέας
417 1644 507 1720 οίκὸς
534 1640 587 1708 ἐπὶ
613 1645 692 1720 τοὺς
713 1642 890 1728 ἡμετέρους
911 1644 1099 1728 προγόνους
1121 1658 1218 1727 στρα-

214 1747 385 1832 τεύεσθαι,
414 1750 490 1814 οὔτε
512 1748 613 1833 ὑμέας
636 1750 766 1815 άλλοισι
787 1747 1007 1833 τιμωρέοντας
1028 1749 1107 1833 ἡμῖν
1129 1747 1217 1812 ἀντι-

215 1851 312 1930 ξόους
324 1856 490 1939 γίνεσθαι,
504 1855 586 1920 άλλδι
599 1851 676 1940 παρ’
693 1855 772 1939 ὑμῖν
787 1854 915 1920 αὐτοῖσι
929 1845 1069 1939 ἡσυχίην
1083 1856 1231 1939 ἔχοντας,
1319 1905 1325 1923 .

214 1966 387 2043 κατῆσθαι.
429 1961 472 2045 ἡν
493 1962 556 2046 γάρ
580 1958 652 2044 ἐμοὶ
673 1958 808 2044 γένηται
830 1963 911 2025 κατά
932 1963 1025 2042 νόον,
1050 1960 1218 2044 οὐδαμοὺς

215 2065 351 2148 μέζονας
369 2065 479 2151 ὑμέων
497 2065 572 2144 άξω.
604 2074 707 2130 ταῦτα
729 2065 933 2142 ἀκούσαντας
948 2063 1115 2152 Ἀργείους
1128 2064 1215 2150 λίγε-

214 2194 269 2236 ται
299 2181 431 2256 πρῆγμα
462 2173 681 2254 ποιήσασθαι,
714 2169 768 2236 καί
799 2181 995 2258 παραχρῆμα
1026 2169 1087 2256 μέν
1117 2169 1214 2236 οὐδὲν

216 2275 516 2361 ἐπαγγελλομένους
543 2275 737 2360 μεταιτέειν,
765 2275 834 2342 ἐπεὶ
865 2276 904 2342 δέ
924 2293 1027 2362 σφεας
1049 2282 1216 2362 παραλαμ-

216 2380 331 2464 βάυειν
357 2384 435 2458 τοὺς
457 2380 633 2465 Ἕλληνας,
662 2383 747 2447 οὕτω
776 2384 817 2466 δὴ
841 2382 1077 2468 ἐπισταμένους
1103 2384 1217 2448 ὅτιού

217 2487 443 2570 μεταδώσουσι
464 2496 522 2570 τῆς
543 2487 644 2572 άρχὴς
665 2489 922 2572 Λακεδαιμόνιοι
944 2488 1138 2574 μεταιτέειν,
1162 2489 1217 2553 ἵνα

167 2607 214 2656 151
226 2589 279 2657 ἐπί
301 2592 486 2677 προφάσιος
508 2591 650 2676 ἡσυχίην
668 2594 780 2676 άγωσι.
818 2605 996 2678 συμπεσεῖν
1015 2591 1052 2658 δέ
1070 2595 1217 2659 τούτοισι

216 2697 272 2763 καί
292 2699 389 2764 τόνδε
411 2699 471 2763 τὸν
494 2701 595 2782 λόγον
614 2698 750 2781 λέγουσί
764 2720 852 2774 τινες
865 2696 1042 2783 Ἑλλήνων,
1066 2705 1218 2764 πολλοῖσι

218 2808 303 2871 ἔτεσι
324 2805 465 2890 ὕστερον
487 2807 667 2889 γευόμενον
689 2806 829 2869 τούτων·
860 2815 972 2890 τυχεῖν
995 2805 1031 2870 ἐν
1054 2807 1218 2870 Σούσοισι

216 2923 303 2977 τοῖσι
329 2913 552 2996 Μεμνονίοισι
588 2909 701 2986 ἐόντας
737 2909 849 2994 ἑτέρου
884 2913 1074 2997 πρὴγματος
1110 2912 1218 2978 εἵνεκα
1314 2901 1325 2914 ⁴

218 3017 376 3100 ἀγγέλους
399 3013 602 3098 Ἀθηναίων,
629 3018 780 3098 Καλλίην
802 3039 846 3080 τε.
862 3017 922 3081 τὸν
945 3013 1135 3082 Ἱππονίκου
1162 3017 1218 3083 καί

216 3125 295 3199 τοὺς
317 3124 396 3206 μετά
418 3123 539 3186 τούτου
561 3120 760 3204 ἀναβάντας,
784 3117 951 3206 Ἀργείους
974 3120 1012 3186 δέ
1033 3125 1092 3188 τὸν
1115 3123 1217 3189 αὐτὸν

217 3236 337 3292 τοῦτον
359 3230 482 3312 χρόνον
508 3226 698 3312 πέμψαντας
719 3224 773 3292 καί
799 3228 938 3304 τούτους
962 3228 996 3304 ές
1018 3233 1134 3294 Σοῦσα
1161 3230 1216 3313 άγ-

218 3331 335 3415 γέλους
371 3335 508 3416 εἰρωτᾶν
536 3330 747 3418 Ἀρτοξέρξην
777 3334 837 3396 τὸν
863 3331 989 3419 Ξέρξεω
1018 3341 1052 3398 εί
1077 3351 1138 3420 σφι
1170 3339 1216 3401 ἔτι

218 3435 348 3522 ἐμμένει
380 3437 441 3520 τὴν
472 3439 554 3524 πρὸς
583 3437 708 3522 Ξέρξην
741 3440 856 3521 φιλίην
884 3441 1162 3525 συνεκεράσαντο,
1195 3441 1215 3523 ἡ
