<?xml version="1.0" encoding="UTF-8"?>
<!DOCTYPE html PUBLIC "-//W3C//DTD XHTML 1.0 Transitional//EN"
    "http://www.w3.org/TR/xhtml1/DTD/xhtml1-transitional.dtd">
<html xmlns="http://www.w3.org/1999/xhtml" xml:lang="en" lang="en">
 <head>
  <title>
</title>
<meta http-equiv="Content-Type" content="text/html;charset=utf-8" />
  <meta name='ocr-system' content='tesseract 3.04.00' />
  <meta name='ocr-capabilities' content='ocr_page ocr_carea ocr_par ocr_line ocrx_word'/>
</head>
<body>
  <div class='ocr_page' id='page_1' title='image "./herodotihistori07herogoog_0133.png"; bbox 0 0 2640 3960; ppageno 0'>
   <div class='ocr_carea' id='block_1_1' title="bbox 186 231 783 294">
    <p class='ocr_par' dir='ltr' id='par_1_1' title="bbox 186 231 783 294">
     <span class='ocr_line' id='line_1_1' title="bbox 186 231 783 294; baseline -0.013 0"><span class='ocrx_word' id='word_1_1' title='bbox 186 231 227 294; x_wconf 75' lang='grc'><em>76</em></span> <span class='ocrx_word' id='word_1_2' title='bbox 596 231 783 288; x_wconf 78' lang='lat' dir='ltr'>HERODOTI</span> 
     </span>
    </p>
   </div>
   <div class='ocr_carea' id='block_1_2' title="bbox 131 372 1315 3518">
    <p class='ocr_par' dir='ltr' id='par_1_2' title="bbox 184 372 1189 568">
     <span class='ocr_line' id='line_1_2' title="bbox 185 372 1188 462; baseline -0.004 -24"><span class='ocrx_word' id='word_1_3' title='bbox 185 398 242 458; x_wconf 90' lang='grc' dir='ltr'><em>μιν</em></span> <span class='ocrx_word' id='word_1_4' title='bbox 274 373 318 450; x_wconf 80' lang='grc' dir='ltr'><em>ὡς</em></span> <span class='ocrx_word' id='word_1_5' title='bbox 350 372 584 460; x_wconf 78' lang='grc' dir='ltr'><em>ἀναμνήσαντα</em></span> <span class='ocrx_word' id='word_1_6' title='bbox 616 379 724 462; x_wconf 74' lang='grc' dir='ltr'><em>οἰκήια</em></span> <span class='ocrx_word' id='word_1_7' title='bbox 750 377 833 442; x_wconf 88' lang='grc' dir='ltr'><em>κακά</em></span> <span class='ocrx_word' id='word_1_8' title='bbox 863 378 986 460; x_wconf 79' lang='grc' dir='ltr'><em>χιλίῃσι</em></span> <span class='ocrx_word' id='word_1_9' title='bbox 1011 375 1188 456; x_wconf 73' lang='grc' dir='ltr'><em>δραχμῇσι,</em></span> 
     </span>
     <span class='ocr_line' id='line_1_3' title="bbox 184 476 1189 568; baseline -0.003 -26"><span class='ocrx_word' id='word_1_10' title='bbox 184 476 239 542; x_wconf 83' lang='grc' dir='ltr'><em>καὶ</em></span> <span class='ocrx_word' id='word_1_11' title='bbox 254 478 409 560; x_wconf 80' lang='grc' dir='ltr'><em>ἐπέταξαν</em></span> <span class='ocrx_word' id='word_1_12' title='bbox 423 480 535 566; x_wconf 79' lang='grc' dir='ltr'><em>μηκέτι</em></span> <span class='ocrx_word' id='word_1_13' title='bbox 553 481 679 567; x_wconf 76' lang='grc' dir='ltr'><em>μηδένα</em></span> <span class='ocrx_word' id='word_1_14' title='bbox 697 489 841 566; x_wconf 85' lang='grc' dir='ltr'><em>χρᾶσθαι</em></span> <span class='ocrx_word' id='word_1_15' title='bbox 859 482 964 567; x_wconf 77' lang='grc' dir='ltr'><em>τούτῳ</em></span> <span class='ocrx_word' id='word_1_16' title='bbox 978 487 1023 568; x_wconf 75' lang='grc' dir='ltr'><em>τῷ</em></span> <span class='ocrx_word' id='word_1_17' title='bbox 1037 479 1189 562; x_wconf 78' lang='grc' dir='ltr'><em>δράματι.</em></span> 
     </span>
    </p>

    <p class='ocr_par' dir='ltr' id='par_1_3' title="bbox 132 578 1314 1935">
     <span class='ocr_line' id='line_1_4' title="bbox 132 578 1189 672; baseline -0.009 -17"><span class='ocrx_word' id='word_1_18' title='bbox 132 607 166 655; x_wconf 77' lang='lat'><em>22</em></span> <span class='ocrx_word' id='word_1_19' title='bbox 272 588 422 668; x_wconf 86' lang='grc' dir='ltr'><em>Μίλητος</em></span> <span class='ocrx_word' id='word_1_20' title='bbox 444 587 504 671; x_wconf 88' lang='grc' dir='ltr'><em>μέν</em></span> <span class='ocrx_word' id='word_1_21' title='bbox 526 611 590 652; x_wconf 92' lang='grc' dir='ltr'><em>νυν</em></span> <span class='ocrx_word' id='word_1_22' title='bbox 608 592 786 670; x_wconf 79' lang='grc' dir='ltr'><em>Μιλησίων</em></span> <span class='ocrx_word' id='word_1_23' title='bbox 803 587 970 672; x_wconf 82' lang='grc' dir='ltr'><em>η’ρήμωτο·</em></span> <span class='ocrx_word' id='word_1_24' title='bbox 992 587 1130 668; x_wconf 82' lang='grc' dir='ltr'><em>Σαμίων</em></span> <span class='ocrx_word' id='word_1_25' title='bbox 1149 578 1189 646; x_wconf 75' lang='grc' dir='ltr'><em>δὲ</em></span> 
     </span>
     <span class='ocr_line' id='line_1_5' title="bbox 184 689 1189 777; baseline -0.002 -25"><span class='ocrx_word' id='word_1_26' title='bbox 184 692 274 753; x_wconf 79' lang='grc' dir='ltr'><em>τοῖσί</em></span> <span class='ocrx_word' id='word_1_27' title='bbox 292 713 324 754; x_wconf 89' lang='grc' dir='ltr'><em>τι</em></span> <span class='ocrx_word' id='word_1_28' title='bbox 347 695 460 775; x_wconf 77' lang='grc' dir='ltr'><em>ἔχουσι</em></span> <span class='ocrx_word' id='word_1_29' title='bbox 481 695 518 758; x_wconf 92' lang='grc' dir='ltr'><em>τὸ</em></span> <span class='ocrx_word' id='word_1_30' title='bbox 542 689 603 777; x_wconf 70' lang='grc' dir='ltr'><em>μὲν</em></span> <span class='ocrx_word' id='word_1_31' title='bbox 626 693 659 769; x_wconf 86' lang='grc' dir='ltr'><em>ές</em></span> <span class='ocrx_word' id='word_1_32' title='bbox 680 696 759 769; x_wconf 80' lang='grc' dir='ltr'><em>τοὺς</em></span> <span class='ocrx_word' id='word_1_33' title='bbox 781 695 921 776; x_wconf 78' lang='grc' dir='ltr'><strong><em>Μήδους</em></strong></span> <span class='ocrx_word' id='word_1_34' title='bbox 943 692 979 756; x_wconf 83' lang='grc' dir='ltr'><em>ἐκ</em></span> <span class='ocrx_word' id='word_1_35' title='bbox 1001 699 1067 755; x_wconf 82' lang='grc' dir='ltr'><em>τῶν</em></span> <span class='ocrx_word' id='word_1_36' title='bbox 1090 703 1189 770; x_wconf 89' lang='grc' dir='ltr'><em>στρα-</em></span> 
     </span>
     <span class='ocr_line' id='line_1_6' title="bbox 183 794 1189 883; baseline -0.001 -25"><span class='ocrx_word' id='word_1_37' title='bbox 183 806 294 878; x_wconf 80' lang='grc' dir='ltr'><em>τηγῶν</em></span> <span class='ocrx_word' id='word_1_38' title='bbox 315 809 383 861; x_wconf 85' lang='grc' dir='ltr'><em>τῶν</em></span> <span class='ocrx_word' id='word_1_39' title='bbox 406 797 574 883; x_wconf 78' lang='grc' dir='ltr'><em>σφετέρων</em></span> <span class='ocrx_word' id='word_1_40' title='bbox 596 795 738 882; x_wconf 71' lang='grc' dir='ltr'><em>ποιηθὲν</em></span> <span class='ocrx_word' id='word_1_41' title='bbox 757 798 910 882; x_wconf 75' lang='grc' dir='ltr'><em>οὐθαμῶς</em></span> <span class='ocrx_word' id='word_1_42' title='bbox 926 799 1053 881; x_wconf 79' lang='grc' dir='ltr'><em>ἤρεσκε,</em></span> <span class='ocrx_word' id='word_1_43' title='bbox 1065 794 1189 860; x_wconf 77' lang='grc' dir='ltr'><em>’ἐδόκεε</em></span> 
     </span>
     <span class='ocr_line' id='line_1_7' title="bbox 185 896 1189 987; baseline -0.004 -22"><span class='ocrx_word' id='word_1_44' title='bbox 185 897 222 966; x_wconf 74' lang='grc' dir='ltr'><em>δὲ</em></span> <span class='ocrx_word' id='word_1_45' title='bbox 245 903 324 985; x_wconf 83' lang='grc' dir='ltr'><em>μετά</em></span> <span class='ocrx_word' id='word_1_46' title='bbox 346 903 408 986; x_wconf 78' lang='grc' dir='ltr'><em>την</em></span> <span class='ocrx_word' id='word_1_47' title='bbox 425 905 611 987; x_wconf 81' lang='grc' dir='ltr'><em>ναυμαχίην</em></span> <span class='ocrx_word' id='word_1_48' title='bbox 629 905 746 969; x_wconf 83' lang='grc' dir='ltr'><em>αὐτίκα</em></span> <span class='ocrx_word' id='word_1_49' title='bbox 763 902 1046 986; x_wconf 83' lang='grc' dir='ltr'><em>βουλευομένοισι,</em></span> <span class='ocrx_word' id='word_1_50' title='bbox 1068 896 1146 984; x_wconf 84' lang='grc' dir='ltr'><em>πρὶν</em></span> <span class='ocrx_word' id='word_1_51' title='bbox 1165 900 1189 980; x_wconf 82' lang='grc' dir='ltr'><strong><em>ἥ</em></strong></span> 
     </span>
     <span class='ocr_line' id='line_1_8' title="bbox 185 1003 1190 1092; baseline -0.003 -21"><span class='ocrx_word' id='word_1_52' title='bbox 185 1025 246 1090; x_wconf 89' lang='grc' dir='ltr'><em>σφι</em></span> <span class='ocrx_word' id='word_1_53' title='bbox 268 1009 302 1084; x_wconf 83' lang='grc' dir='ltr'><em>ἐς</em></span> <span class='ocrx_word' id='word_1_54' title='bbox 324 1009 385 1090; x_wconf 80' lang='grc' dir='ltr'><em>τὴν</em></span> <span class='ocrx_word' id='word_1_55' title='bbox 407 1010 517 1092; x_wconf 82' lang='grc' dir='ltr'><em>χώρην</em></span> <span class='ocrx_word' id='word_1_56' title='bbox 538 1009 717 1074; x_wconf 76' lang='grc' dir='ltr'><em>ἀπικέσθαι</em></span> <span class='ocrx_word' id='word_1_57' title='bbox 734 1011 793 1074; x_wconf 86' lang='grc' dir='ltr'><em>τὸν</em></span> <span class='ocrx_word' id='word_1_58' title='bbox 810 1011 977 1092; x_wconf 80' lang='grc' dir='ltr'><em>τύραννον</em></span> <span class='ocrx_word' id='word_1_59' title='bbox 995 1006 1129 1086; x_wconf 78' lang='grc' dir='ltr'><em>Αἰάκεα,</em></span> <span class='ocrx_word' id='word_1_60' title='bbox 1153 1003 1190 1080; x_wconf 88' lang='grc' dir='ltr'><em>ές</em></span> 
     </span>
     <span class='ocr_line' id='line_1_9' title="bbox 185 1109 1191 1198; baseline -0.005 -22"><span class='ocrx_word' id='word_1_61' title='bbox 185 1112 338 1196; x_wconf 78' lang='grc' dir='ltr'><em>ἀποικίην</em></span> <span class='ocrx_word' id='word_1_62' title='bbox 357 1113 502 1178; x_wconf 80' lang='grc' dir='ltr'><em>ἐκπλέειν</em></span> <span class='ocrx_word' id='word_1_63' title='bbox 521 1111 603 1198; x_wconf 74' lang='grc' dir='ltr'><em>μηδὲ</em></span> <span class='ocrx_word' id='word_1_64' title='bbox 616 1113 776 1198; x_wconf 81' lang='grc' dir='ltr'><em>μένοντας</em></span> <span class='ocrx_word' id='word_1_65' title='bbox 788 1115 941 1197; x_wconf 77' lang='grc' dir='ltr'><em>Μήδοισί</em></span> <span class='ocrx_word' id='word_1_66' title='bbox 953 1109 1056 1177; x_wconf 85' lang='grc' dir='ltr'><em>τεκαὶ</em></span> <span class='ocrx_word' id='word_1_67' title='bbox 1071 1109 1191 1176; x_wconf 87' lang='grc' dir='ltr'><em>Αίάκεῑ</em></span> 
     </span>
     <span class='ocr_line' id='line_1_10' title="bbox 185 1207 1314 1304; baseline -0.005 -21"><span class='ocrx_word' id='word_1_68' title='bbox 185 1218 367 1284; x_wconf 81' lang='grc' dir='ltr'><em>δουλεύειν.</em></span> <span class='ocrx_word' id='word_1_69' title='bbox 404 1223 582 1302; x_wconf 82' lang='grc' dir='ltr'><em>Ζαγκλαῖοι</em></span> <span class='ocrx_word' id='word_1_70' title='bbox 604 1222 667 1304; x_wconf 87' lang='grc' dir='ltr'><em>γάρ</em></span> <span class='ocrx_word' id='word_1_71' title='bbox 691 1222 727 1285; x_wconf 88' lang='grc' dir='ltr'><em>οί</em></span> <span class='ocrx_word' id='word_1_72' title='bbox 745 1219 809 1285; x_wconf 86' lang='grc' dir='ltr'><em>ἀπὸ</em></span> <span class='ocrx_word' id='word_1_73' title='bbox 828 1221 981 1301; x_wconf 83' lang='grc' dir='ltr'><em>Σικελίης</em></span> <span class='ocrx_word' id='word_1_74' title='bbox 1002 1219 1062 1282; x_wconf 85' lang='grc' dir='ltr'><em>τὸν</em></span> <span class='ocrx_word' id='word_1_75' title='bbox 1084 1215 1190 1280; x_wconf 84' lang='grc' dir='ltr'><em>αὐτὸν</em></span> <span class='ocrx_word' id='word_1_76' title='bbox 1313 1207 1314 1258; x_wconf 49' lang='grc' dir='ltr'><em>ἕ</em></span> 
     </span>
     <span class='ocr_line' id='line_1_11' title="bbox 183 1320 1188 1408; baseline -0.004 -20"><span class='ocrx_word' id='word_1_77' title='bbox 183 1326 307 1407; x_wconf 88' lang='grc' dir='ltr'><em>χρόνον</em></span> <span class='ocrx_word' id='word_1_78' title='bbox 328 1333 447 1389; x_wconf 86' lang='grc' dir='ltr'><em>τοῦτον</em></span> <span class='ocrx_word' id='word_1_79' title='bbox 469 1323 649 1408; x_wconf 78' lang='grc' dir='ltr'><em>πέμποντες</em></span> <span class='ocrx_word' id='word_1_80' title='bbox 672 1325 704 1401; x_wconf 90' lang='grc' dir='ltr'><em>ἐς</em></span> <span class='ocrx_word' id='word_1_81' title='bbox 726 1327 787 1408; x_wconf 81' lang='grc' dir='ltr'><em>τὴν</em></span> <span class='ocrx_word' id='word_1_82' title='bbox 807 1320 935 1407; x_wconf 79' lang='grc' dir='ltr'><em>Ἰωνίην</em></span> <span class='ocrx_word' id='word_1_83' title='bbox 954 1322 1114 1406; x_wconf 84' lang='grc' dir='ltr'><em>ἀγγέλους</em></span> <span class='ocrx_word' id='word_1_84' title='bbox 1131 1320 1188 1384; x_wconf 81' lang='grc' dir='ltr'><em>έπ-</em></span> 
     </span>
     <span class='ocr_line' id='line_1_12' title="bbox 185 1427 1189 1513; baseline -0.004 -20"><span class='ocrx_word' id='word_1_85' title='bbox 185 1427 357 1494; x_wconf 86' lang='grc' dir='ltr'><em>εκαλέοντο</em></span> <span class='ocrx_word' id='word_1_86' title='bbox 388 1432 466 1505; x_wconf 87' lang='grc' dir='ltr'><em>τοὺς</em></span> <span class='ocrx_word' id='word_1_87' title='bbox 487 1428 606 1506; x_wconf 81' lang='grc' dir='ltr'><em>Ἴωνας</em></span> <span class='ocrx_word' id='word_1_88' title='bbox 637 1429 670 1505; x_wconf 84' lang='grc' dir='ltr'><em>ές</em></span> <span class='ocrx_word' id='word_1_89' title='bbox 696 1432 812 1513; x_wconf 83' lang='grc' dir='ltr'><em>Καλην</em></span> <span class='ocrx_word' id='word_1_90' title='bbox 838 1430 954 1513; x_wconf 78' lang='grc' dir='ltr'><em>ἀκτήν,</em></span> <span class='ocrx_word' id='word_1_91' title='bbox 987 1430 1189 1511; x_wconf 81' lang='grc' dir='ltr'><em>βουλόμενοι</em></span> 
     </span>
     <span class='ocr_line' id='line_1_13' title="bbox 184 1529 1188 1619; baseline -0.004 -21"><span class='ocrx_word' id='word_1_92' title='bbox 184 1533 305 1599; x_wconf 79' lang='grc' dir='ltr'><em>αὐτόθι</em></span> <span class='ocrx_word' id='word_1_93' title='bbox 331 1537 429 1599; x_wconf 89' lang='grc' dir='ltr'><em>πόλιν</em></span> <span class='ocrx_word' id='word_1_94' title='bbox 454 1537 562 1599; x_wconf 85' lang='grc' dir='ltr'><em>κτίσαι</em></span> <span class='ocrx_word' id='word_1_95' title='bbox 585 1529 720 1600; x_wconf 82' lang='grc' dir='ltr'><em>Ἰώνων·</em></span> <span class='ocrx_word' id='word_1_96' title='bbox 758 1536 779 1619; x_wconf 79' lang='grc' dir='ltr'><em>ἡ</em></span> <span class='ocrx_word' id='word_1_97' title='bbox 810 1532 846 1602; x_wconf 71' lang='grc' dir='ltr'><em>ἀὲ</em></span> <span class='ocrx_word' id='word_1_98' title='bbox 872 1536 966 1617; x_wconf 80' lang='grc' dir='ltr'><em>Καλὴ</em></span> <span class='ocrx_word' id='word_1_99' title='bbox 994 1534 1077 1616; x_wconf 79' lang='grc' dir='ltr'><em>αὕτη</em></span> <span class='ocrx_word' id='word_1_100' title='bbox 1105 1533 1188 1613; x_wconf 81' lang='grc' dir='ltr'><em>ἀκτὴ</em></span> 
     </span>
     <span class='ocr_line' id='line_1_14' title="bbox 183 1637 1189 1726; baseline -0.004 -22"><span class='ocrx_word' id='word_1_101' title='bbox 183 1637 362 1723; x_wconf 88' lang='grc' dir='ltr'><em>καλεομένη</em></span> <span class='ocrx_word' id='word_1_102' title='bbox 391 1643 460 1705; x_wconf 76' lang='grc' dir='ltr'><em>ἔστι</em></span> <span class='ocrx_word' id='word_1_103' title='bbox 482 1637 542 1723; x_wconf 74' lang='grc' dir='ltr'><em>μὲν</em></span> <span class='ocrx_word' id='word_1_104' title='bbox 565 1645 728 1723; x_wconf 81' lang='grc' dir='ltr'><em>Σικελῶν,</em></span> <span class='ocrx_word' id='word_1_105' title='bbox 758 1643 840 1726; x_wconf 89' lang='grc' dir='ltr'><em>πρὸς</em></span> <span class='ocrx_word' id='word_1_106' title='bbox 863 1639 900 1708; x_wconf 75' lang='grc' dir='ltr'><em>δέ</em></span> <span class='ocrx_word' id='word_1_107' title='bbox 926 1642 1118 1725; x_wconf 76' lang='grc' dir='ltr'><em>Τυρσηνίην</em></span> <span class='ocrx_word' id='word_1_108' title='bbox 1140 1659 1189 1701; x_wconf 86' lang='grc' dir='ltr'><em>τε·</em></span> 
     </span>
     <span class='ocr_line' id='line_1_15' title="bbox 183 1741 1191 1828; baseline -0.002 -20"><span class='ocrx_word' id='word_1_109' title='bbox 183 1744 350 1828; x_wconf 87' lang='grc' dir='ltr'><em>τραμμίνη</em></span> <span class='ocrx_word' id='word_1_110' title='bbox 372 1755 429 1828; x_wconf 83' lang='grc' dir='ltr'><em>τῆς</em></span> <span class='ocrx_word' id='word_1_111' title='bbox 451 1748 612 1828; x_wconf 87' lang='grc' dir='ltr'><em>Σικελίης.</em></span> <span class='ocrx_word' id='word_1_112' title='bbox 647 1748 775 1812; x_wconf 85' lang='grc' dir='ltr'><em>τούτων</em></span> <span class='ocrx_word' id='word_1_113' title='bbox 797 1743 846 1810; x_wconf 84' lang='grc' dir='ltr'><em>ὧν</em></span> <span class='ocrx_word' id='word_1_114' title='bbox 869 1743 1132 1827; x_wconf 79' lang='grc' dir='ltr'><em>ἐπικαλεομένων</em></span> <span class='ocrx_word' id='word_1_115' title='bbox 1153 1741 1191 1806; x_wconf 89' lang='grc' dir='ltr'><em>οί</em></span> 
     </span>
     <span class='ocr_line' id='line_1_16' title="bbox 184 1848 1189 1935; baseline -0.002 -21"><span class='ocrx_word' id='word_1_116' title='bbox 184 1851 307 1934; x_wconf 86' lang='grc' dir='ltr'><em>Σάμιοι</em></span> <span class='ocrx_word' id='word_1_117' title='bbox 333 1859 452 1934; x_wconf 88' lang='grc' dir='ltr'><em>μοῦνοι</em></span> <span class='ocrx_word' id='word_1_118' title='bbox 475 1848 597 1915; x_wconf 84' lang='grc' dir='ltr'><em>Ἰώνων</em></span> <span class='ocrx_word' id='word_1_119' title='bbox 622 1851 819 1935; x_wconf 79' lang='grc' dir='ltr'><em>ἐστάλησαν,</em></span> <span class='ocrx_word' id='word_1_120' title='bbox 847 1854 910 1916; x_wconf 81' lang='grc' dir='ltr'><em>σὺν</em></span> <span class='ocrx_word' id='word_1_121' title='bbox 934 1850 973 1915; x_wconf 81' lang='grc' dir='ltr'><em>ἀέ</em></span> <span class='ocrx_word' id='word_1_122' title='bbox 993 1868 1055 1934; x_wconf 87' lang='grc' dir='ltr'><em>σφι</em></span> <span class='ocrx_word' id='word_1_123' title='bbox 1076 1853 1189 1930; x_wconf 86' lang='grc' dir='ltr'><em>Μιλη-</em></span> 
     </span>
    </p>

    <p class='ocr_par' dir='ltr' id='par_1_4' title="bbox 131 1948 1315 3518">
     <span class='ocr_line' id='line_1_17' title="bbox 131 1948 1315 2044; baseline -0.002 -24"><span class='ocrx_word' id='word_1_124' title='bbox 131 1979 165 2027; x_wconf 80' lang='lat'><em>23</em></span> <span class='ocrx_word' id='word_1_125' title='bbox 185 1959 267 2020; x_wconf 87' lang='grc' dir='ltr'><em>σίων</em></span> <span class='ocrx_word' id='word_1_126' title='bbox 291 1956 327 2020; x_wconf 87' lang='grc' dir='ltr'><em>οί</em></span> <span class='ocrx_word' id='word_1_127' title='bbox 346 1956 587 2040; x_wconf 85' lang='grc' dir='ltr'><em>ἐκπεφευγότες.</em></span> <span class='ocrx_word' id='word_1_128' title='bbox 631 1957 669 2022; x_wconf 81' lang='grc' dir='ltr'><em>έν</em></span> <span class='ocrx_word' id='word_1_129' title='bbox 692 1948 718 2044; x_wconf 75' lang='grc' dir='ltr'><em>ᾧ</em></span> <span class='ocrx_word' id='word_1_130' title='bbox 741 1957 871 2021; x_wconf 75' lang='grc' dir='ltr'><em>τοιόνδε</em></span> <span class='ocrx_word' id='word_1_131' title='bbox 894 1957 935 2038; x_wconf 73' lang='grc' dir='ltr'><em>δή</em></span> <span class='ocrx_word' id='word_1_132' title='bbox 958 1979 989 2020; x_wconf 87' lang='grc' dir='ltr'><em>τι</em></span> <span class='ocrx_word' id='word_1_133' title='bbox 1012 1958 1189 2037; x_wconf 85' lang='grc' dir='ltr'><em>συνήνεικε</em></span> <span class='ocrx_word' id='word_1_134' title='bbox 1314 1980 1315 1994; x_wconf 56' lang='lat'>¹</span> 
     </span>
     <span class='ocr_line' id='line_1_18' title="bbox 184 2059 1190 2146; baseline -0.001 -22"><span class='ocrx_word' id='word_1_135' title='bbox 184 2059 354 2142; x_wconf 85' lang='grc' dir='ltr'><em>γενέσθαι·</em></span> <span class='ocrx_word' id='word_1_136' title='bbox 386 2062 513 2145; x_wconf 89' lang='grc' dir='ltr'><em>Σάμιοί</em></span> <span class='ocrx_word' id='word_1_137' title='bbox 540 2085 575 2126; x_wconf 91' lang='grc' dir='ltr'><em>τε</em></span> <span class='ocrx_word' id='word_1_138' title='bbox 605 2063 698 2146; x_wconf 84' lang='grc' dir='ltr'><em>[γὰρ]</em></span> <span class='ocrx_word' id='word_1_139' title='bbox 730 2063 936 2145; x_wconf 82' lang='grc' dir='ltr'><em>κομιζόμενοι</em></span> <span class='ocrx_word' id='word_1_140' title='bbox 968 2060 1001 2137; x_wconf 83' lang='grc' dir='ltr'><em>ἐς</em></span> <span class='ocrx_word' id='word_1_141' title='bbox 1027 2063 1190 2142; x_wconf 77' lang='grc' dir='ltr'><em>Σικελίην</em></span> 
     </span>
     <span class='ocr_line' id='line_1_19' title="bbox 185 2163 1190 2251; baseline 0 -21"><span class='ocrx_word' id='word_1_142' title='bbox 185 2165 334 2246; x_wconf 83' lang='grc' dir='ltr'><em>ἐγίνοντο</em></span> <span class='ocrx_word' id='word_1_143' title='bbox 367 2166 404 2230; x_wconf 85' lang='grc' dir='ltr'><em>έν</em></span> <span class='ocrx_word' id='word_1_144' title='bbox 430 2171 590 2251; x_wconf 78' lang='grc' dir='ltr'><em>Λοκροῖσι</em></span> <span class='ocrx_word' id='word_1_145' title='bbox 621 2179 708 2231; x_wconf 84' lang='grc' dir='ltr'><em>τοῖσι</em></span> <span class='ocrx_word' id='word_1_146' title='bbox 731 2165 987 2250; x_wconf 80' lang='grc' dir='ltr'><em>Ἐπιζεφυρίοισι</em></span> <span class='ocrx_word' id='word_1_147' title='bbox 1017 2163 1074 2230; x_wconf 81' lang='grc' dir='ltr'><em>καί</em></span> <span class='ocrx_word' id='word_1_148' title='bbox 1100 2169 1190 2246; x_wconf 85' lang='grc' dir='ltr'><em>Ζαγ-</em></span> 
     </span>
     <span class='ocr_line' id='line_1_20' title="bbox 184 2267 1191 2358; baseline 0.003 -25"><span class='ocrx_word' id='word_1_149' title='bbox 184 2273 293 2333; x_wconf 81' lang='grc' dir='ltr'><em>κλαῖοι</em></span> <span class='ocrx_word' id='word_1_150' title='bbox 316 2270 414 2335; x_wconf 86' lang='grc' dir='ltr'><em>αὐτοί</em></span> <span class='ocrx_word' id='word_1_151' title='bbox 432 2269 544 2335; x_wconf 82' lang='grc' dir='ltr'><em>τεκαὶ</em></span> <span class='ocrx_word' id='word_1_152' title='bbox 568 2272 585 2336; x_wconf 88' lang='grc' dir='ltr'><strong>ὁ</strong></span> <span class='ocrx_word' id='word_1_153' title='bbox 605 2274 759 2354; x_wconf 85' lang='grc' dir='ltr'><em>βασιλεὺς</em></span> <span class='ocrx_word' id='word_1_154' title='bbox 781 2272 900 2354; x_wconf 80' lang='grc' dir='ltr'><em>αὐτῶν,</em></span> <span class='ocrx_word' id='word_1_155' title='bbox 923 2279 968 2358; x_wconf 77' lang='grc' dir='ltr'><em>τῷ</em></span> <span class='ocrx_word' id='word_1_156' title='bbox 991 2271 1124 2355; x_wconf 81' lang='grc' dir='ltr'><em>οὕνομα</em></span> <span class='ocrx_word' id='word_1_157' title='bbox 1146 2267 1191 2354; x_wconf 76' lang='grc' dir='ltr'><em>ἦν</em></span> 
     </span>
     <span class='ocr_line' id='line_1_21' title="bbox 184 2374 1190 2460; baseline 0.004 -22"><span class='ocrx_word' id='word_1_158' title='bbox 184 2374 333 2455; x_wconf 86' lang='grc' dir='ltr'><em>Σκύθης,</em></span> <span class='ocrx_word' id='word_1_159' title='bbox 357 2374 567 2458; x_wconf 84' lang='grc' dir='ltr'><em>περικατέατο</em></span> <span class='ocrx_word' id='word_1_160' title='bbox 589 2379 688 2439; x_wconf 88' lang='grc' dir='ltr'><em>πόλιν</em></span> <span class='ocrx_word' id='word_1_161' title='bbox 709 2387 776 2439; x_wconf 80' lang='grc' dir='ltr'><em>τῶν</em></span> <span class='ocrx_word' id='word_1_162' title='bbox 794 2381 945 2441; x_wconf 85' lang='grc' dir='ltr'><em>Σικελῶν</em></span> <span class='ocrx_word' id='word_1_163' title='bbox 966 2375 1091 2454; x_wconf 81' lang='grc' dir='ltr'><em>ἐξελεῖν</em></span> <span class='ocrx_word' id='word_1_164' title='bbox 1109 2381 1190 2460; x_wconf 84' lang='grc' dir='ltr'><em>βον-</em></span> 
     </span>
     <span class='ocr_line' id='line_1_22' title="bbox 184 2477 1191 2566; baseline 0.003 -23"><span class='ocrx_word' id='word_1_165' title='bbox 184 2481 326 2562; x_wconf 88' lang='grc' dir='ltr'><em>λόμενοι.</em></span> <span class='ocrx_word' id='word_1_166' title='bbox 372 2479 491 2560; x_wconf 80' lang='grc' dir='ltr'><em>μαθὼν</em></span> <span class='ocrx_word' id='word_1_167' title='bbox 519 2477 556 2544; x_wconf 72' lang='grc' dir='ltr'><em>δὲ</em></span> <span class='ocrx_word' id='word_1_168' title='bbox 582 2489 684 2544; x_wconf 87' lang='grc' dir='ltr'><em>ταῦτα</em></span> <span class='ocrx_word' id='word_1_169' title='bbox 711 2481 729 2544; x_wconf 85' lang='grc' dir='ltr'><em>ό</em></span> <span class='ocrx_word' id='word_1_170' title='bbox 752 2478 883 2564; x_wconf 81' lang='grc' dir='ltr'><em>Ῥηγίου</em></span> <span class='ocrx_word' id='word_1_171' title='bbox 910 2483 1075 2566; x_wconf 81' lang='grc' dir='ltr'><em>τύραννος</em></span> <span class='ocrx_word' id='word_1_172' title='bbox 1095 2480 1191 2547; x_wconf 83' lang='grc' dir='ltr'><em>Ἀνα-</em></span> 
     </span>
     <span class='ocr_line' id='line_1_23' title="bbox 184 2581 1192 2672; baseline 0.003 -23"><span class='ocrx_word' id='word_1_173' title='bbox 184 2585 306 2665; x_wconf 80' lang='grc' dir='ltr'><em>ξίλεως,</em></span> <span class='ocrx_word' id='word_1_174' title='bbox 329 2585 401 2647; x_wconf 84' lang='grc' dir='ltr'><em>τότε</em></span> <span class='ocrx_word' id='word_1_175' title='bbox 420 2581 484 2648; x_wconf 86' lang='grc' dir='ltr'><em>ἐὼν</em></span> <span class='ocrx_word' id='word_1_176' title='bbox 501 2584 661 2668; x_wconf 74' lang='grc' dir='ltr'><em>διάφορος</em></span> <span class='ocrx_word' id='word_1_177' title='bbox 679 2595 765 2650; x_wconf 80' lang='grc' dir='ltr'><em>τοῖσι</em></span> <span class='ocrx_word' id='word_1_178' title='bbox 783 2590 1006 2670; x_wconf 88' lang='grc' dir='ltr'><em>Ζαγκλαίοισι,</em></span> <span class='ocrx_word' id='word_1_179' title='bbox 1025 2589 1192 2672; x_wconf 73' lang='grc' dir='ltr'><em>συμμιξας</em></span> 
     </span>
     <span class='ocr_line' id='line_1_24' title="bbox 183 2688 1191 2779; baseline 0.004 -24"><span class='ocrx_word' id='word_1_180' title='bbox 183 2701 270 2755; x_wconf 73' lang='grc' dir='ltr'><em>τοῖσι</em></span> <span class='ocrx_word' id='word_1_181' title='bbox 299 2691 456 2772; x_wconf 88' lang='grc' dir='ltr'><em>Σαμίοισι</em></span> <span class='ocrx_word' id='word_1_182' title='bbox 488 2688 661 2754; x_wconf 79' lang='grc' dir='ltr'><em>ἀναπείθει</em></span> <span class='ocrx_word' id='word_1_183' title='bbox 693 2691 738 2766; x_wconf 78' lang='grc' dir='ltr'><em>ὡς</em></span> <span class='ocrx_word' id='word_1_184' title='bbox 769 2693 867 2774; x_wconf 87' lang='grc' dir='ltr'><em>χρεὸν</em></span> <span class='ocrx_word' id='word_1_185' title='bbox 899 2697 948 2776; x_wconf 85' lang='grc' dir='ltr'><em>είη</em></span> <span class='ocrx_word' id='word_1_186' title='bbox 976 2695 1095 2776; x_wconf 78' lang='grc' dir='ltr'><em>Καλὴν</em></span> <span class='ocrx_word' id='word_1_187' title='bbox 1128 2691 1191 2779; x_wconf 67' lang='grc' dir='ltr'><em>μὲν</em></span> 
     </span>
     <span class='ocr_line' id='line_1_25' title="bbox 184 2783 1315 2882; baseline 0.004 -21"><span class='ocrx_word' id='word_1_188' title='bbox 184 2797 302 2880; x_wconf 82' lang='grc' dir='ltr'><em>ἀκτήν,</em></span> <span class='ocrx_word' id='word_1_189' title='bbox 330 2789 380 2860; x_wconf 87' lang='grc' dir='ltr'><em>ἐπ’</em></span> <span class='ocrx_word' id='word_1_190' title='bbox 408 2795 451 2877; x_wconf 81' lang='grc' dir='ltr'><em>ἣν</em></span> <span class='ocrx_word' id='word_1_191' title='bbox 473 2797 604 2877; x_wconf 79' lang='grc' dir='ltr'><em>ἔπλεον,</em></span> <span class='ocrx_word' id='word_1_192' title='bbox 633 2796 690 2860; x_wconf 85' lang='grc' dir='ltr'><em>έᾶν</em></span> <span class='ocrx_word' id='word_1_193' title='bbox 716 2800 857 2880; x_wconf 86' lang='grc' dir='ltr'><em>χαίρειν,</em></span> <span class='ocrx_word' id='word_1_194' title='bbox 884 2797 945 2879; x_wconf 83' lang='grc' dir='ltr'><em>την</em></span> <span class='ocrx_word' id='word_1_195' title='bbox 971 2795 1010 2864; x_wconf 74' lang='grc' dir='ltr'><em>δὲ</em></span> <span class='ocrx_word' id='word_1_196' title='bbox 1033 2800 1192 2882; x_wconf 77' lang='grc' dir='ltr'><em>Ζάγκλην</em></span> <span class='ocrx_word' id='word_1_197' title='bbox 1314 2783 1315 2830; x_wconf 48' lang='lat'><em>³</em></span> 
     </span>
     <span class='ocr_line' id='line_1_26' title="bbox 184 2899 1193 2987; baseline 0.003 -19"><span class='ocrx_word' id='word_1_198' title='bbox 184 2914 290 2987; x_wconf 80' lang='grc' dir='ltr'><em>σχεῖν,</em></span> <span class='ocrx_word' id='word_1_199' title='bbox 322 2899 443 2967; x_wconf 84' lang='grc' dir='ltr'><em>ἐοῦσαν</em></span> <span class='ocrx_word' id='word_1_200' title='bbox 474 2903 597 2984; x_wconf 88' lang='grc' dir='ltr'><em>έρημον</em></span> <span class='ocrx_word' id='word_1_201' title='bbox 626 2899 768 2983; x_wconf 77' lang='grc' dir='ltr'><em>ἀνδρῶν.</em></span> <span class='ocrx_word' id='word_1_202' title='bbox 812 2901 1023 2986; x_wconf 81' lang='grc' dir='ltr'><em>πειθομένων</em></span> <span class='ocrx_word' id='word_1_203' title='bbox 1056 2902 1094 2970; x_wconf 72' lang='grc' dir='ltr'><em>δὲ</em></span> <span class='ocrx_word' id='word_1_204' title='bbox 1120 2918 1193 2971; x_wconf 82' lang='grc' dir='ltr'><em>τῶν</em></span> 
     </span>
     <span class='ocr_line' id='line_1_27' title="bbox 184 3005 1192 3095; baseline 0.004 -23"><span class='ocrx_word' id='word_1_205' title='bbox 184 3012 323 3092; x_wconf 87' lang='grc' dir='ltr'><em>Σαμίων</em></span> <span class='ocrx_word' id='word_1_206' title='bbox 350 3005 405 3071; x_wconf 81' lang='grc' dir='ltr'><em>καὶ</em></span> <span class='ocrx_word' id='word_1_207' title='bbox 428 3009 576 3090; x_wconf 84' lang='grc' dir='ltr'><em>σχόντων</em></span> <span class='ocrx_word' id='word_1_208' title='bbox 597 3007 658 3088; x_wconf 85' lang='grc' dir='ltr'><em>την</em></span> <span class='ocrx_word' id='word_1_209' title='bbox 681 3006 849 3090; x_wconf 85' lang='grc' dir='ltr'><em>Ζάγκλην,</em></span> <span class='ocrx_word' id='word_1_210' title='bbox 876 3007 1023 3074; x_wconf 84' lang='grc' dir='ltr'><em>ἐνθαῦτα</em></span> <span class='ocrx_word' id='word_1_211' title='bbox 1045 3012 1083 3076; x_wconf 88' lang='grc' dir='ltr'><em>οί</em></span> <span class='ocrx_word' id='word_1_212' title='bbox 1104 3017 1192 3095; x_wconf 80' lang='grc' dir='ltr'><em>Ζαγ·</em></span> 
     </span>
     <span class='ocr_line' id='line_1_28' title="bbox 183 3111 1192 3201; baseline 0.007 -26"><span class='ocrx_word' id='word_1_213' title='bbox 183 3117 302 3195; x_wconf 82' lang='grc' dir='ltr'><em>κλαίοι,</em></span> <span class='ocrx_word' id='word_1_214' title='bbox 320 3113 365 3188; x_wconf 83' lang='grc' dir='ltr'><em>ὡς</em></span> <span class='ocrx_word' id='word_1_215' title='bbox 384 3112 549 3180; x_wconf 82' lang='grc' dir='ltr'><em>ἐπύθοντο</em></span> <span class='ocrx_word' id='word_1_216' title='bbox 568 3111 727 3196; x_wconf 80' lang='grc' dir='ltr'><em>ἐχομένην</em></span> <span class='ocrx_word' id='word_1_217' title='bbox 744 3113 805 3194; x_wconf 77' lang='grc' dir='ltr'><em>τὴν</em></span> <span class='ocrx_word' id='word_1_218' title='bbox 818 3114 915 3176; x_wconf 91' lang='grc' dir='ltr'><em>πόλιν</em></span> <span class='ocrx_word' id='word_1_219' title='bbox 930 3111 1075 3198; x_wconf 78' lang='grc' dir='ltr'><em>ἑωυτῶν,</em></span> <span class='ocrx_word' id='word_1_220' title='bbox 1093 3118 1192 3201; x_wconf 77' lang='grc' dir='ltr'><em>έβοη-</em></span> 
     </span>
     <span class='ocr_line' id='line_1_29' title="bbox 183 3214 1193 3306; baseline 0.008 -26"><span class='ocrx_word' id='word_1_221' title='bbox 183 3223 267 3281; x_wconf 87' lang='grc' dir='ltr'><em>θεον</em></span> <span class='ocrx_word' id='word_1_222' title='bbox 300 3217 382 3300; x_wconf 77' lang='grc' dir='ltr'><em>αὐτῇ</em></span> <span class='ocrx_word' id='word_1_223' title='bbox 413 3215 467 3282; x_wconf 81' lang='grc' dir='ltr'><em>καὶ</em></span> <span class='ocrx_word' id='word_1_224' title='bbox 502 3217 714 3282; x_wconf 81' lang='grc' dir='ltr'><em>ἐπεκαλέοντο</em></span> <span class='ocrx_word' id='word_1_225' title='bbox 747 3214 959 3302; x_wconf 84' lang='grc' dir='ltr'><em>Ἱπποκράτεα</em></span> <span class='ocrx_word' id='word_1_226' title='bbox 991 3222 1052 3286; x_wconf 90' lang='grc' dir='ltr'><em>τὸν</em></span> <span class='ocrx_word' id='word_1_227' title='bbox 1084 3223 1193 3306; x_wconf 89' lang='grc' dir='ltr'><em>Γέλης</em></span> 
     </span>
     <span class='ocr_line' id='line_1_30' title="bbox 183 3317 1315 3407; baseline 0.008 -21"><span class='ocrx_word' id='word_1_228' title='bbox 183 3322 364 3405; x_wconf 83' lang='grc' dir='ltr'><em>τύραννον·</em></span> <span class='ocrx_word' id='word_1_229' title='bbox 390 3317 433 3403; x_wconf 73' lang='grc' dir='ltr'><em>ἦν</em></span> <span class='ocrx_word' id='word_1_230' title='bbox 455 3323 517 3406; x_wconf 83' lang='grc' dir='ltr'><em>γάρ</em></span> <span class='ocrx_word' id='word_1_231' title='bbox 540 3323 582 3403; x_wconf 77' lang='grc' dir='ltr'><em>θη</em></span> <span class='ocrx_word' id='word_1_232' title='bbox 605 3340 666 3405; x_wconf 88' lang='grc' dir='ltr'><em>σφι</em></span> <span class='ocrx_word' id='word_1_233' title='bbox 689 3317 785 3398; x_wconf 86' lang='grc' dir='ltr'><em>οὗτος</em></span> <span class='ocrx_word' id='word_1_234' title='bbox 807 3323 983 3407; x_wconf 84' lang='grc' dir='ltr'><em>σύμμαχος.</em></span> <span class='ocrx_word' id='word_1_235' title='bbox 1022 3326 1130 3393; x_wconf 78' lang='grc' dir='ltr'><em>ἐπείτε</em></span> <span class='ocrx_word' id='word_1_236' title='bbox 1152 3325 1192 3394; x_wconf 72' lang='grc' dir='ltr'><em>δὲ</em></span> <span class='ocrx_word' id='word_1_237' title='bbox 1314 3359 1315 3362; x_wconf 49' lang='grc'><strong>“</strong></span> 
     </span>
     <span class='ocr_line' id='line_1_31' title="bbox 185 3422 1190 3518; baseline 0.01 -28"><span class='ocrx_word' id='word_1_238' title='bbox 185 3427 314 3492; x_wconf 77' lang='grc' dir='ltr'><em>αὐτοῖσι</em></span> <span class='ocrx_word' id='word_1_239' title='bbox 331 3423 386 3491; x_wconf 83' lang='grc' dir='ltr'><em>καὶ</em></span> <span class='ocrx_word' id='word_1_240' title='bbox 404 3425 423 3490; x_wconf 86' lang='grc' dir='ltr'>ὁ</span> <span class='ocrx_word' id='word_1_241' title='bbox 438 3422 650 3509; x_wconf 85' lang='grc' dir='ltr'><em>Ἱπποκράτης</em></span> <span class='ocrx_word' id='word_1_242' title='bbox 667 3429 731 3492; x_wconf 87' lang='grc' dir='ltr'><em>σὺν</em></span> <span class='ocrx_word' id='word_1_243' title='bbox 744 3435 784 3509; x_wconf 79' lang='grc' dir='ltr'><em>τη</em></span> <span class='ocrx_word' id='word_1_244' title='bbox 801 3437 934 3512; x_wconf 74' lang='grc' dir='ltr'><em>στρατιῇ</em></span> <span class='ocrx_word' id='word_1_245' title='bbox 946 3424 1006 3512; x_wconf 74' lang='grc' dir='ltr'><em>ἧκε</em></span> <span class='ocrx_word' id='word_1_246' title='bbox 1019 3433 1190 3518; x_wconf 85' lang='grc' dir='ltr'><em>βοηθέων,</em></span> 
     </span>
    </p>
   </div>
   <div class='ocr_carea' id='block_1_3' title="bbox 0 0 1324 3960">
    <p class='ocr_par' dir='ltr' id='par_1_5' title="bbox 0 0 1324 3960">
     <span class='ocr_line' id='line_1_32' title="bbox 0 0 1324 3960; baseline 0 0"><span class='ocrx_word' id='word_1_247' title='bbox 0 0 1324 3960; x_wconf 95' lang='lat' dir='ltr'><em> </em></span> 
     </span>
    </p>
   </div>
  </div>
 </body>
</html>
