2678 3968
10 1929 16 2016 λ

404 223 469 278 ΙλΒ.
484 223 556 278 V111.
591 225 843 282 CAP.109-112.
1067 231 1134 296 303

130 365 268 452 φράσαι·
291 377 358 431 τῶν
381 365 435 432 καλ
453 370 612 445 Σίκιννος
635 368 652 434 δ
677 369 804 454 οἰκέτης
822 366 913 449 αὖτις
932 371 1076 456 ἐγένετο*
1100 377 1139 439 οἱ)

130 471 244 554 ἐπειδή
270 471 426 538 ἀπίκοντο
449 475 531 558 πρὸς
553 475 614 557 τήν
634 471 793 560 Ἀττικήν,
817 478 852 541 οί
871 475 931 562 μὲν
952 478 1134 564 κατέμενον

129 576 183 642 ἐπὶ
204 585 249 666 τῷ
272 583 387 667 πλοίφ,
410 583 568 657 Σίκιννος
587 578 624 646 δὲ
646 580 770 666 ἀναβὰς
792 585 880 668 παρὰ
898 583 1023 668 Ξέρξην
1041 589 1132 670 ἔλεγε

128 683 220 748 τάδε·
233 682 382 770 Ἕπεμύέ
398 709 438 771 με
457 687 694 770 Θεμιστοκλέης
717 689 735 754 ὁ
754 688 928 771 Νεοκλέος,
952 695 1134 776 στρατηγὸς

129 785 190 872 μέν
211 784 413 875 Ἀθηναίων,
441 792 524 878 ἀνήρ
554 789 591 858 δὲ
612 804 679 858 τῶν
702 794 883 878 συμμάχων
906 797 1038 861 πάντων
1061 798 1132 881 ἀρι-
1257 803 1258 810 ’

10 941 13 966 f
129 911 206 972 στος
231 895 285 962 καὶ
315 898 521 982 σοφώτατος,
550 898 721 983 φράσοντά
743 922 794 964 τοι
822 900 872 965 ότι
895 901 1133 985 Θεμιστοκλέης

130 1001 161 1081 [ὁ
187 997 376 1086 Ἀθηναῖος]
410 1000 463 1068 σοὶ
490 1006 694 1088 βουλόμενος
724 1005 922 1089 ὑπουργέειν
949 1009 1022 1090 ἔσχε
1052 1009 1132 1084 τοὺς·

130 1105 291 1191 Ἕλληνας
320 1110 378 1184 τὰς
407 1108 484 1185 νέας
513 1108 739 1194 βουλομένους
769 1111 901 1176 διώκειν
928 1109 982 1176 καλ
1009 1113 1066 1189 τὰς
1093 1112 1130 1178 έν

123 1210 353 1302 Ἑλλησπόντῳ
385 1215 533 1300 γεφύρας
564 1217 665 1280 λύειν.
710 1213 764 1280 καλ
791 1225 856 1280 νῦν
886 1213 956 1280 κατ’
988 1217 1130 1302 ἡσυχίην

126 1321 254 1402 πολλήν
278 1323 416 1404 κομίζεο.
463 1321 498 1385 ολ
518 1317 578 1405 μέν
605 1331 707 1386 ταῦτα
731 1324 936 1408 σημήναντες
958 1321 1182 1389 ἀπέπλεονιιι

127 1426 244 1492 ὀπίσω·
278 1427 313 1492 οί
337 1423 374 1491 δὲ
393 1425 564 1510 Ἕλληνες,
592 1427 697 1492 ἐπείτε
719 1443 779 1511 σφι
802 1425 939 1506 ἀπέδοξε
961 1425 1035 1513 μήτ’
1062 1429 1129 1494 έπι-

127 1533 260 1598 διώκειν
288 1535 335 1598 ἔτι
361 1532 558 1618 προσωτέρω
580 1544 648 1598 τῶν
670 1532 849 1618 βαρβάρων
871 1534 929 1609 τάς
950 1532 1028 1611 νέας
1050 1538 1129 1619 μήτε

125 1636 238 1703 πλέειν
261 1637 293 1713 ἐς
314 1639 374 1702 τὸν
392 1634 636 1721 Ἑλλήσποντον
658 1639 821 1714 λύσοντας
842 1639 901 1703 τὸν
923 1641 1045 1723 πόρον,
1067 1641 1130 1724 τήν

125 1743 272 1827 ’Ἁνδρον
301 1741 512 1826 περικατέατο
542 1740 663 1820 ἐξελεῖν
690 1742 871 1820 ἐθέλοντες.
915 1755 1040 1827 πρῶτοι
1064 1747 1129 1832 γὰρ

119 1849 270 1932 ’Ἀνδριοι
287 1847 477 1932 νησιωτέων
496 1848 687 1931 αἰτηθέντες
703 1850 786 1934 πρὸς
800 1849 1034 1933 Θεμιστοκλέος
1051 1853 1129 1936 χρή-

126 1978 211 2039 ματα
245 1954 306 2019 οὐκ
335 1956 456 2019 ἔδοσαν
463 2002 473 2036 ,
508 1953 590 2019 ἀλλά
618 1953 861 2039 προϊσχομένου
894 1956 1132 2039 Θεμιστοκλέος

126 2064 228 2143 λόγον
245 2061 353 2142 τόνδε,
373 2059 417 2136 ὡς
434 2060 547 2143 ήκοιεν
562 2056 735 2143 Ἀθηναῖοι
752 2057 827 2144 περὶ
842 2058 986 2136 ἑωυτοὺς
1000 2063 1130 2145 ἔχοντες

127 2166 189 2230 δύο
211 2169 314 2243 θεοὺς
336 2166 512 2250 μεγάλους,
537 2166 652 2230 Πειθώ
675 2187 710 2230 τε
732 2163 787 2230 καλ
804 2162 1016 2249 Ἀναγκαίην,
1040 2168 1129 2234 οὕτω

125 2270 163 2336 τέ
183 2287 244 2355 σφι
270 2271 372 2357 κάρτα
396 2270 493 2336 δοτέα
516 2265 601 2336 εἶναι
622 2272 782 2354 χρήματα,
805 2269 1023 2355 ὑπεκρίναντο
1045 2275 1130 2359 πρὸς

126 2386 227 2442 ταῦτα
254 2377 405 2460 λέγοντες
432 2378 477 2454 ὡς
503 2366 713 2458 κατὰλόγον
739 2371 826 2460 ἦσαν
848 2377 912 2462 ἀρα
935 2379 972 2442 αί
989 2375 1130 2464 Ἀθήναι

126 2483 262 2568 μεγάλαι
284 2506 319 2550 τε
348 2482 402 2549 παλ
430 2483 624 2567 εὐδαίμονες
650 2479 705 2548 καλ
727 2489 818 2548 θεῶν
841 2494 993 2568 χρηστῶν
1015 2485 1130 2568 ήκοιεν

126 2584 180 2674 εὖ,
209 2587 278 2656 ἐπεὶ
302 2587 474 2674 Ἀνδρίους
495 2613 533 2672 γε
556 2583 641 2654 εἶναι
668 2591 848 2672 γεωπείνας
874 2589 908 2665 ἐς
929 2591 968 2654 τά
991 2590 1128 2674 μέγιστα
1206 2587 1211 2601 '

125 2697 324 2780 ἀνήκοντας,
356 2693 410 2760 καλ
440 2697 543 2772 θεοὺς
575 2695 636 2760 δύο
669 2693 851 2779 ἀχρήστους
878 2694 940 2760 οὐκ
967 2694 1130 2761 ἐκλείπειν

125 2801 238 2887 σφέων
265 2803 326 2885 τήν
355 2810 460 2885 νήσου
487 2795 557 2866 ἀλλ’
587 2798 652 2865 αἰεὶ
679 2798 909 2885 φιλοχωρέειν,
936 2803 1065 2883 Πενίην
1091 2825 1127 2868 τε

12 2941 14 2954 ι
124 2906 179 2972 καλ
190 2903 399 2992 Ἀμηχανίην,
418 2904 472 2972 καλ
490 2907 618 2972 τούτων
631 2915 698 2970 τῶν
711 2911 803 2969 θεῶν
817 2903 999 2988 ἐπηβόλους
1013 2904 1129 2984 ἐόντας

121 3011 294 3099 Ἀνδρίους
330 3013 372 3078 ού
407 3014 527 3078 δώσειν
565 3013 727 3098 χρήματα·
766 3007 920 3075 οὐδέκοτε
950 3011 1014 3096 γὰρ
1046 3010 1126 3098 (ἀν)

12 3135 13 3156 ³
123 3130 180 3204 τῆς
208 3118 340 3186 ἑωυτῶν
367 3119 551 3202 ἀδυναμίης
577 3118 638 3200 τήν
662 3111 850 3199 Ἀθηναίων
874 3115 1017 3200 δύναμιν
1040 3112 1127 3184 εἶναι

13 3267 15 3296 ι
123 3224 259 3310 κρέσσω.
305 3220 398 3291 οὗτοι
425 3221 485 3309 μὲν
513 3223 554 3305 δή
582 3230 684 3286 ταῦτα
711 3219 968 3306 ὑποκρινόμενοι
999 3219 1053 3287 καλ
1085 3222 1126 3289 ού

13 3339 15 3362 '
123 3333 238 3408 δόντες
265 3334 412 3416 χρήματα
440 3326 698 3414 ἐπολιορκέοντο.
744 3325 982 3411 Θεμιστοκλέης
1005 3326 1056 3410 δέ,
1075 3328 1180 3393 ούιιν

13 3479 14 3482 =
122 3439 186 3519 γὰρ
219 3437 355 3502 ἐπαύετο
391 3433 631 3516 πλεονεκτέων,
668 3433 841 3515 ἐσπέμπων
873 3433 906 3510 ἐς
936 3435 994 3510 τὰς
1025 3434 1126 3507 ἀλλας
