2640 3960
212 268 256 330 44
624 260 812 316 HERODOTI

158 427 191 476 87
212 409 350 474 αὐτοῖσι.
395 407 521 490 λέγεται
549 405 610 491 μέν
632 431 697 472 νυν
719 403 777 471 ὑπ’
805 399 961 490 Ἀργείων
982 425 1018 468 τε
1043 399 1099 467 καί
1123 401 1221 484 Αἰγι-

211 513 337 596 νητέων
364 513 456 594 τάδε,
485 499 695 596 ὁμολογέεται
723 508 760 576 δὲ
787 509 842 576 καί
864 508 919 576 ὑπ’
948 504 1136 592 Ἀθηναίων
1159 506 1221 572 ἕνα

211 627 339 702 μοῦνον
366 619 426 683 τὸν
448 616 666 683 ἀποσωθέντα
689 616 799 682 αὐτῶν
822 615 855 693 ἐς
877 616 938 698 τὴν
957 613 1105 698 Ἀττικὴν
1127 613 1221 696 γευέ-
1294 661 1295 664 ,

211 729 308 788 σθαι·
339 726 426 808 πλην
453 722 594 808 Ἀργεῖοι
621 719 682 806 μὲν
709 721 843 806 λέγουσι
871 721 982 786 αὐτῶν
1008 721 1045 785 τὸ
1071 716 1220 784 Ἀττικὸν

213 833 435 916 στρατόπεδον
459 829 730 913 διαφθειράντων
752 829 812 894 τὸν
835 826 893 892 ἕνα
914 835 1034 892 τοῦτον
1051 826 1213 907 περιγενέ·

211 942 304 1017 σθαι,
321 933 494 1020 Ἀθηναῖοι
513 931 549 1000 δέ
567 944 628 1000 τοῦ
648 936 838 1018 δαιμονίου·
856 931 1091 1018 περιγενέσθαι
1104 930 1218 1015 μέντοι

212 1037 291 1106 οὐδὲ
317 1050 437 1106 τοῦτον
463 1042 523 1106 τὸν
546 1039 619 1120 ἕνα,
648 1038 719 1104 ἀλλ’
746 1038 929 1105 ἀπολέσθαι
951 1041 1061 1124 τρόπω
1084 1039 1218 1124 τοιῷδε·

211 1144 382 1229 κομισθεὶς
413 1147 477 1230 ἀρα
509 1145 542 1222 ές
568 1146 625 1221 τάς
649 1142 792 1228 Ἀθήνας
820 1145 1001 1228 ἀπήγγελλε
1028 1144 1064 1208 τὸ
1091 1145 1217 1220 πάθος·

211 1249 403 1335 πυθομένας
426 1249 463 1316 δέ
485 1253 542 1328 τάς
564 1262 724 1334 γυναῖκας
743 1262 810 1316 τῶν
829 1248 877 1316 ἐπ’
901 1255 1044 1332 Αίγιναν
1063 1265 1216 1332 στρατευ-

212 1355 364 1441 σαμένων
383 1357 527 1441 ἀνδρῶν,
548 1358 661 1422 δεινόν
678 1381 710 1422 τι
728 1355 951 1441 ποιησαμένας
963 1366 1075 1420 κεῖνον
1088 1363 1218 1437 μοῦνον

212 1461 245 1540 ἐξ
276 1461 431 1528 ἁπάντων
463 1469 631 1545 σωθῆναι,
667 1461 759 1545 πέριξ
791 1464 850 1528 τὸν
883 1463 1065 1546 άνθρωπον
1094 1469 1217 1525 τοῦτον

211 1568 377 1650 λαβούσας
407 1566 462 1632 καὶ
492 1568 669 1644 κεντεύσας
695 1575 770 1652 τῇσι
795 1570 955 1653 περόνῃσι
983 1577 1050 1632 τῶν
1078 1566 1217 1649 ἱματίων

212 1675 350 1758 εἰρωτᾶν
374 1672 512 1756 ἑκάστην
535 1671 663 1740 αὐτέων
686 1675 745 1759 ὅκῃ
769 1679 818 1756 είη
842 1673 860 1740 δ
884 1672 1006 1758 ἑωυτῆς
1028 1673 1122 1756 ἀνήρ.
1162 1671 1216 1738 καὶ

212 1788 333 1844 τοῦτον
356 1775 416 1863 μὲν
439 1779 526 1844 οὕτω
550 1781 789 1864 διαφθαρῆναι,
809 1777 1017 1862 Ἀθηναίοισι
1036 1775 1072 1844 δὲ
1091 1781 1138 1843 ἔτι
1156 1788 1216 1844 τοῦ
1297 1763 1298 1780 ¹

212 1885 337 1960 πάθεος
370 1885 557 1966 δεινότερόν
588 1909 620 1951 τι
652 1885 745 1964 δόξαι
777 1880 862 1950 εἶναι
890 1887 927 1951 τὸ
954 1897 1021 1950 τῶν
1047 1895 1215 1967 γυναικῶν

213 1994 320 2074 ἔργον.
366 1991 453 2076 ἀλλφ
481 1987 541 2074 μὲν
569 1993 610 2074 δη
638 1992 699 2056 οὐκ
727 1995 814 2075 ε”χειυ
841 1992 921 2078 ὅτεῳ
953 1993 1137 2074 ζημιώσωσι
1160 1993 1217 2068 τάς

212 2107 385 2178 γυναῖκας,
415 2097 476 2180 την
508 2094 545 2161 δὲ
576 2097 700 2180 έσθητα
727 2095 906 2180 μετέβαλον
938 2097 1064 2163 αὐτέων
1091 2096 1125 2173 ές
1155 2099 1216 2181 τὴν
1298 2111 1299 2136 ¹

211 2199 311 2266 Ἰάδα·
348 2203 489 2286 ἐφόρεον
521 2203 583 2284 γάρ
616 2203 657 2285 δὴ
689 2205 753 2287 πρὸ
785 2211 846 2268 τοῦ
876 2203 913 2268 αἱ
936 2215 1003 2269 τῶν
1026 2201 1216 2286 Ἀθηναίων

212 2315 366 2388 γυναῖκες
394 2306 518 2390 ἐσθῆτα
541 2309 694 2389 Δωρίδα,
722 2315 761 2391 τῃ
790 2311 958 2393 Κορινθίῃ
986 2314 1213 2392 παραπλησιω-

212 2409 329 2492 τάτηυ·
356 2409 535 2492 μετέβαλον
563 2407 610 2474 ὧν
638 2411 671 2487 ἐς
696 2414 756 2476 τὸν
783 2417 894 2478 λίνεον
920 2421 1064 2497 κιθῶνα,
1092 2415 1149 2480 ἵνα
1175 2417 1216 2498 δὴ

160 2532 194 2582 88
212 2517 371 2598 περόνῃσι
394 2515 438 2598 μὴ
460 2512 629 2599 χρέωνται.
675 2519 742 2582 ἔστι
766 2514 802 2584 δὲ
825 2519 945 2602 ἀληθέι
965 2524 1052 2608 λόγῳ
1075 2521 1215 2605 χρεωμέ-

213 2635 302 2684 νοισι
327 2619 387 2684 οὐκ
407 2616 470 2695 Ἰὰς
493 2619 575 2702 αὕτη
599 2619 619 2704 η
643 2622 746 2706 ἐσθὴς
763 2625 799 2689 τὸ
818 2627 960 2690 παλαιὸν
978 2627 1060 2691 ἀλλά
1080 2629 1214 2711 Κάειρα,

213 2723 282 2791 ἐπεὶ
304 2725 325 2810 ἦ
348 2749 385 2809 γε
403 2719 577 2809 Ἑλληνικὴ
601 2725 703 2811 έσθης
724 2737 811 2794 πᾶσα
833 2729 854 2812 ἡ
876 2730 994 2814 ἀρχαίη
1017 2743 1084 2796 τῶν
1100 2756 1215 2814 γυναι-

212 2842 281 2896 κῶν
307 2832 328 2917 ἡ
351 2830 433 2914 αὐτὴ
460 2826 502 2914 ἦν
524 2833 586 2915 την
608 2842 672 2898 νῦν
696 2836 834 2918 Δωρίδα
856 2835 1025 2920 καλέομεν.
1070 2848 1155 2902 τοῖσι
1179 2835 1216 2904 δέ

210 2935 383 3021 Ἀργείοισι
414 2935 469 3004 καὶ
500 2949 586 3003 τοῖσι
613 2941 815 3025 Αἰγινήτῃσι
841 2940 895 3006 καὶ
927 2945 1009 3026 πρὸς
1039 2952 1141 3008 ταῦτα
1169 2947 1216 3009 ἔτι

213 3045 288 3108 τόδε
315 3053 449 3128 ποιῆσαι
475 3047 581 3130 νόμον
609 3039 694 3111 εἶναι
721 3047 809 3129 παρά
836 3050 931 3131 σφίσι
956 3048 1137 3132 ἑκατέροισι
1159 3053 1217 3127 τάς

213 3151 355 3230 περόνας
393 3150 545 3235 ἡμιολίας
584 3151 756 3218 ποιέεσθαι
797 3160 857 3218 τοῦ
892 3156 965 3220 τότε
1000 3167 1216 3233 κατεστεῶτος

214 3251 350 3336 μέτρου,
383 3253 436 3318 καλ
469 3256 502 3332 ἐς
531 3259 569 3321 τὸ
602 3259 676 3340 ίρὸν
707 3269 774 3323 τῶν
801 3265 893 3325 θεῶν
920 3261 1047 3326 τούτων
1074 3266 1217 3349 περόνας

214 3358 354 3442 μάλιστα
377 3358 572 3426 ἀνατιθέναι
593 3363 650 3437 τάς
672 3374 840 3447 γυναῖκας,
861 3363 1006 3432 Ἀττικὸν
1030 3365 1067 3433 δέ
1086 3372 1167 3453 μήτε
1185 3394 1217 3435 τι

214 3465 294 3528 ἀλλο
317 3465 519 3549 προσφέρειν
540 3468 624 3548 πρὸς
645 3467 683 3530 τὸ
707 3467 781 3549 ίρὸν
803 3473 883 3554 μήτε
905 3473 1059 3557 κέραμον,
1082 3475 1154 3541 ἀλλ’
1181 3477 1218 3543 έιι
