2640 3960
197 247 238 310 68
608 241 795 296 HERODOTl

163 409 179 458 ³
198 391 346 456 ἐνθαῦτα
377 389 418 471 δη
447 388 670 471 εἰρωτώμενος
692 386 757 452 ὑπὸ
784 396 851 450 τῶν
872 383 995 452 Ἰώνων
1018 383 1208 463 ὁἹστιατος

198 493 269 561 κατ’
302 495 320 560 6
348 518 379 560 τι
406 495 588 578 προθύμως
618 493 704 558 οὕτω
734 490 896 557 ἐπέστειλε
922 493 967 579 τῷ
993 487 1208 579 Ἀρισταγόρῃ

199 603 402 666 ἀπίστασθαι
421 600 483 664 ἀπὸ
504 598 657 682 βασιλέος
670 596 723 662 καὶ
736 599 838 662 κακόν
852 607 1014 663 τοσοῦτον
1029 604 1078 681 εἴη
1088 597 1123 663 Ἴ
1122 623 1210 676 ωνας

200 705 452 791 ἐξεργασμένος,
484 707 545 788 τὴν
576 701 636 789 μέν
664 703 847 787 γενομένην
874 704 1003 768 αὐτοῖσι
1031 707 1140 788 αἰτίην
1167 707 1210 770 οὐ

200 815 286 898 μάλα
314 811 474 896 ἐξέφαινε,
504 811 521 876 6
551 809 587 876 δὲ
611 809 705 893 ἐλεγέ
729 830 790 892 σφι
817 811 862 886 ὡς
888 813 1043 892 βασιλεὺς
1065 817 1211 896 Δαρεῖος

201 920 421 1003 ἐβουλεύσατο
453 920 610 994 Φοίνικας
636 913 697 999 μέν
727 915 947 999 ἐξαναστήσας
974 915 1010 981 ἐν
1037 925 1076 1002 τῃ
1101 913 1210 1004 Ἰωνίῃ

201 1028 395 1106 κατοικίσαι,
409 1022 528 1100 Ἴωνας
548 1019 584 1087 δὲ
603 1022 639 1087 ἐν
657 1031 696 1106 τῃ
714 1025 862 1107 Φοινίκῃ,
882 1019 1082 1088 καὶτούτων
1101 1026 1211 1090 εἵνεκα

202 1132 400 1197 ἐπιστείλειε.
445 1129 546 1194 οὐδέν
567 1152 599 1193 τι
621 1129 751 1204 πάντως
772 1137 873 1192 ταῦτα
897 1128 1049 1210 βασιλέος
1071 1133 1211 1212 βουλευ-

168 1237 350 1320 4σαμένου
377 1235 551 1320 ἐδειμάτου
577 1236 655 1310 τοὺς
673 1233 799 1310 Ἴωνας.
844 1235 924 1318 μετά
951 1232 988 1299 δέ
1016 1234 1033 1300 6
1057 1232 1210 1314 Ἱστιαῖος

204 1339 248 1408 δι’
274 1342 416 1426 ἀγγέλου
438 1342 633 1425 ποιεύμενος
651 1337 835 1423 Ἑρμίππου
858 1339 979 1425 ἀνδρὸς
998 1335 1211 1426 Ἀταρνείτεω

202 1459 289 1515 τοῖσι
320 1449 358 1514 ἐν
384 1447 528 1532 Σάρδισι
560 1445 652 1512 ἐοῦσι
679 1441 837 1529 Περσέων
871 1449 989 1531 ἔπεμπε
1019 1451 1132 1531 βιβλία
1166 1451 1212 1527 ὡς

203 1550 577 1640 προλελεσχηνευμένων
596 1551 685 1639 αὐτῷ
704 1551 903 1630 ἀποστάσιος
924 1552 1007 1638 πέρι.
1044 1554 1062 1620 6
1081 1553 1119 1620 δὲ
1133 1554 1211 1640 Ἕρ-

204 1683 326 1746 μιππος
348 1661 430 1745 πρὸς
447 1661 526 1734 τοὺς
548 1654 609 1741 μέν
627 1656 837 1741 ἀπεπέμφθη,
861 1659 903 1723 ού
921 1660 1020 1743 διδοῖ,
1039 1661 1153 1746 φέρων
1172 1660 1210 1728 δὲ
1305 1711 1306 1722 ,

204 1769 380 1853 ἐνεχείρισε
407 1765 447 1830 τά
474 1766 585 1847 βιβλία
609 1757 829 1846 Ἀρταφρένεϊ.
878 1763 896 1829 6
921 1762 957 1830 δέ
980 1767 1100 1848 μαθὼν
1122 1769 1211 1834 ἅπαν

204 1875 241 1938 τὸ
264 1875 441 1956 γινόμενον
464 1870 591 1938 ἐκέλευε
613 1870 672 1934 τὸν
687 1867 874 1952 Ἕρμιππον
895 1871 936 1935 τά
956 1868 1017 1954 μέν
1039 1877 1127 1960 παρὰ
1149 1885 1211 1940 τοῦ

200 1976 357 2044 Ἱστιαίου
381 1980 500 2043 δοῦναι
523 1974 668 2060 φέροντα
690 1977 779 2040 τοῖσί
793 1996 854 2059 περ
873 1977 980 2060 ἐφερε,
1003 1978 1043 2041 τὰ
1062 1975 1100 2043 δέ
1117 1979 1211 2063 ἀμοι·

205 2087 283 2167 βαΐα
313 2085 353 2148 τά
384 2084 471 2169 παρά
498 2092 565 2147 τῶν
593 2078 751 2164 Περσέων
783 2079 1046 2166 ἀντιπεμπόμενα
1068 2081 1210 2174 Ἱστιαίῳ

205 2189 318 2276 ἑωυτῷ
352 2191 479 2254 δοῦναι.
523 2187 650 2254 τούτων
678 2185 715 2251 δέ
745 2186 935 2270 γενομένων
967 2201 1125 2276 φανερῶν
1153 2194 1211 2260 ἀπ-

170 2312 187 2362 σ
206 2294 327 2358 έκτεινε
346 2293 493 2358 ἐνθαῦτα
511 2293 654 2366 πολλοὺς
667 2291 826 2376 Περσέων
844 2287 1106 2379 όἈρταφρένης.
1136 2300 1212 2385 περὶ

206 2399 333 2479 Σάρδις
364 2395 425 2481 μέν
453 2399 494 2481 δη
526 2398 651 2481 ἐγίνετο
678 2401 816 2482 ταραχή,
844 2396 1000 2464 Ἱστιαῖον
1027 2399 1064 2468 δὲ
1090 2407 1212 2489 ταύτης

206 2501 438 2585 ἀποσφαλέντα
469 2512 527 2587 τῆς
553 2503 686 2580 ἐλπίδος
712 2508 789 2569 Χῖοι
815 2515 958 2588 κατῆγον
985 2506 1019 2583 ἐς
1044 2511 1211 2595 Μίλητον,

206 2610 310 2674 αὐτοῦ
338 2605 495 2675 Ἰστιαίου
528 2608 714 2692 δεηθέντος.
757 2610 792 2675 οί
810 2607 853 2675 ’δὲ
885 2615 1046 2694 Μιλήσιοι
1073 2616 1213 2700 ἀσμενοι
1304 2649 1305 2656 ¹

206 2714 471 2799 ἀπαλλαχθέντες
503 2713 558 2781 καὶ
587 2711 824 2801 Ἀρισταγόρεω
851 2707 1011 2800 ὀὐδαμῶς
1040 2725 1213 2808 πρόθυμοι

205 2817 290 2904 ἦσαν
313 2822 415 2888 ἀλλον
437 2823 605 2908 τύραννον
628 2820 784 2887 δέκεσθαι
807 2820 839 2898 ἐς
861 2822 922 2906 τὴν
944 2824 1070 2908 χώρην,
1100 2820 1155 2892 οἷά
1176 2853 1212 2895 τε

205 2927 398 3012 ἐλευθερίης
432 2928 638 3010 γευσάμενοι.
682 2925 737 2992 καὶ
770 2927 812 3010 δὴ
843 2929 962 3004 νυκτὸς
996 2931 1060 3014 γάρ
1092 2932 1213 3017 ἐούσης

205 3036 261 3120 βίῃ
281 3034 432 3118 ἐπειρᾶτο
450 3034 572 3098 κατιὼν
590 3033 608 3098 6
623 3031 775 3109 Ἱστιαῖος
793 3033 828 3110 ές
839 3034 900 3116 τὴν
913 3037 1078 3118 Μίλητον,
1096 3041 1212 3124 τιτρώ-

206 3155 316 3204 σκεται
341 3140 401 3204 τὸν
429 3140 535 3224 μηρὸν
557 3139 623 3204 ὑπό
643 3163 701 3204 τευ
722 3149 789 3204 τῶν
811 3142 997 3221 Μιλησίων.
1043 3140 1062 3206 6
1084 3138 1145 3226 μὲν
1170 3147 1213 3228 δὴ

206 3244 250 3319 ὡς
273 3244 421 3321 ἀπωστὸς
447 3254 505 3328 τῆς
532 3243 657 3310 ἑωυτοῦ
678 3248 819 3328 γίνεται,
842 3233 1028 3311 ἀπικνέεται
1050 3245 1156 3314 ὀπίσω
1179 3249 1214 3328 ἐς

205 3351 266 3432 την
294 3352 391 3414 Χίον·
425 3349 583 3415 ἐνθεῦτεν
611 3350 662 3432 δέ,
695 3350 736 3416 ού
768 3351 831 3434 γάρ
860 3353 971 3416 ἔπειθε
1002 3354 1081 3429 τοὺς
1107 3358 1213 3432 Χίους

207 3455 288 3520 ὥστε
322 3454 432 3544 ἑωυτῷ
467 3457 585 3521 δοῦναι
616 3455 707 3537 νέας,
740 3453 834 3539 διέβη
866 3456 900 3534 ἐς
925 3460 1126 3543 Μυτιλήνην
1156 3459 1213 3526 καί
