2640 3960
415 279 483 335 ΜΒ.
498 279 531 335 V.
568 280 645 336 cAP.
669 287 791 338 εει-οε.
1057 285 1102 348 43

94 425 229 506 σχοινία
252 422 358 489 ἕλκειν
381 425 421 488 τά
444 423 623 509 ἀγάλματα,
646 429 704 490 καί
725 442 785 509 σφι
805 425 938 514 ἕλκουσι
956 432 1103 513 βροντῆν

95 551 129 592 τε
156 528 213 592 καὶ
240 529 306 611 άμα
333 535 372 613 τῆ
400 531 524 612 βρουτῆ
547 532 684 614 σεισμὸν
713 531 937 614 ἐπιγενέσθαι·
966 536 1043 610 τοὺς
1067 532 1103 598 δὲ

95 637 264 719 τριηρίτας
293 638 371 710 τοὺς
403 633 557 711 ἕλκοντας
589 635 653 700 ὑπὸ
686 638 813 702 τούτων
845 637 1103 723 ἀλλοφρονῆσαι,

95 743 267 817 παθόντας
294 737 331 805 δέ
358 749 456 805 τοῦτο
483 745 625 806 κτείνειν
649 741 810 824 ἀλλήλους
838 743 894 807 άτε
916 748 1103 828 πολεμίους,

96 845 128 922 ές
156 845 175 911 ὃ
204 845 240 912 έκ
261 847 395 911 πάντων
423 845 482 911 ἕνα
509 847 690 930 λειφθέντα
713 848 980 932 ἀνακομισθῆναι
1002 850 1104 914 αὐτὸν

95 952 128 1028 ές
153 952 321 1034 Φάληρον.
364 949 536 1034 Ἀθηναῖοι
563 952 624 1036 μέν
650 977 714 1018 νυν
743 954 829 1019 οὕτω
857 953 991 1036 λέγουσι
1013 953 1103 1037 γενέ·
1122 976 1154 1025 ει

94 1063 193 1139 σθαι,
217 1060 394 1140 Αἰγινῆται
425 1055 461 1122 δὲ
484 1058 525 1123 οὐ
548 1067 605 1143 μιῆ
629 1056 685 1142 νηλ
709 1059 886 1125 ἀπικέσθαι
904 1056 1104 1142 Ἀθηναίους

94 1162 190 1248 (μίαν
218 1161 279 1246 μὲν
306 1165 369 1248 γάρ
393 1161 447 1227 καὶ
471 1163 571 1251 ὀλίγφ
595 1170 739 1241 πλεῦνας
761 1175 850 1249 μιῆς,
879 1163 933 1230 καὶ
956 1167 988 1230 εί
1008 1169 1103 1249 σφίσι

94 1271 138 1353 μὴ
167 1271 285 1354 ἔτυχον
317 1269 431 1334 ἐοῦσαι
461 1269 547 1353 νέες,
580 1270 819 1355 ἀπαμύνασθαι
850 1269 892 1334 ἀν
922 1269 1102 1353 εὐπετέως),

94 1375 178 1439 ἀλλὰ
205 1380 346 1460 πολλῆσι
372 1374 472 1458 νηυσὶ
501 1374 665 1440 ἐπιπλέειν
693 1381 789 1460 σφίσι
817 1375 869 1442 ἐπὶ
896 1377 957 1460 τὴν
980 1377 1102 1460 χώρην,

94 1479 190 1546 αὐτοὶ
218 1480 258 1546 δέ
286 1498 346 1564 σφι
380 1476 463 1558 εἶξαι
489 1479 543 1546 καὶ
571 1481 612 1546 οὐ
640 1491 857 1567 ναυμαχῆσαι.
904 1482 965 1547 οὐκ
992 1484 1102 1565 ἔχουσι

95 1584 132 1652 δὲ
155 1596 254 1652 τοῦτο
282 1588 482 1670 διασημῆναι
505 1585 680 1671 ἀτρεκέως,
712 1588 787 1653 οὔτε
811 1590 842 1652 εί
862 1589 1001 1670 ἥσσονες
1024 1604 1102 1670 συγ-

94 1695 335 1776 γινωσκόμενοι
369 1687 455 1757 εἶναι
485 1701 525 1776 τῆ
558 1696 722 1778 ναυμαχίῃ
754 1695 836 1758 κατά
867 1702 966 1758 τοῦτο
1001 1686 1101 1774 εἶξαν,

42 1841 46 1848 ‹
95 1800 171 1864 οὔτε
209 1801 240 1863 εί
274 1801 471 1883 βουλόμενοι
509 1809 643 1881 ποιῆσαι
681 1790 754 1863 οἷόν
785 1823 817 1862 τι
848 1797 902 1864 καὶ
934 1799 1101 1880 ἐποίησαν.

92 1903 293 1987 Ἀθηναίους
316 1904 376 1990 μέν
398 1929 474 1988 νυν,
498 1904 603 1970 έπείτε
626 1921 687 1988 σφι
710 1901 820 1980 οὐδεὶς
844 1904 876 1981 ές
899 1905 1005 1989 μάχην
1027 1927 1101 1968 κατ-

95 2014 223 2092 ίστατο,
252 2009 438 2093 ἀποβάντας
465 2009 527 2074 ἀπὸ
556 2019 623 2073 τῶν
645 2020 731 2075 νεῶν
754 2010 936 2091 τράπεσθαι
958 2012 1041 2093 πρὸς
1062 2012 1102 2074 τὰ

94 2117 275 2200 ἀγάλματα,
294 2117 336 2182 οὐ
355 2115 563 2200 δυναμένους
581 2114 618 2180 δὲ
632 2115 818 2180 ἀνασπάσαι
833 2115 948 2180 ἐκτῶν
962 2115 1101 2198 βάθρων

94 2224 180 2288 αὐτὰ
212 2223 299 2288 οὕτω
331 2223 373 2306 δὴ
405 2221 684 2305 περιβαλομένους
711 2223 842 2305 σχοινία
870 2219 992 2304 ἕλκειν,
1022 2221 1055 2298 ές
1082 2221 1100 2286 ὃ

94 2328 255 2412 ἑλκόμενα
276 2329 316 2392 τά
339 2327 507 2411 ἀγάλματα
530 2327 699 2411 ἀμφότερα
721 2325 826 2390 τάιυτὸ
849 2335 997 2410 ποιῆσαι,
1029 2326 1100 2410 ἐμοὶ

93 2432 156 2518 μὲν
179 2435 220 2499 οὐ
243 2436 340 2498 πιστά
363 2433 524 2516 λέγοντες,
549 2435 636 2520 ἀλλςο
661 2431 700 2497 δέ
719 2451 795 2518 τεφ·
818 2431 851 2508 ές
873 2434 1019 2514 γούνατα
1037 2434 1100 2516 γάρ

93 2558 156 2626 σφι
188 2541 271 2606 αὐτὰ
300 2551 429 2622 πεσεῖν,
461 2538 515 2603 καὶ
548 2540 605 2604 τὸν
633 2539 696 2604 ἀπὸ
727 2540 848 2604 τούτου
875 2543 998 2626 χρόνον
1031 2540 1100 2602 δια-

93 2647 217 2714 τελέειν
236 2647 323 2712 οάτω
342 2649 468 2731 έχοντα.
503 2644 701 2727 Ἀθηναίους
719 2641 779 2729 μὲν
794 2645 834 2728 δη
849 2653 951 2709 ταῦτα
964 2643 1098 2724 ποιέειν,

28 2753 33 2764 ’
93 2753 198 2837 σφέας
231 2750 268 2818 δὲ
294 2753 470 2835 Αἰγινῆται
500 2749 634 2834 λέγουσι
660 2749 873 2834 πυθομένους
901 2752 980 2825 τοὺς
1002 2743 1099 2829 Ἀθη-

94 2863 210 2936 ναίους
233 2858 278 2934 ὡς
299 2855 451 2940 μέλλοιεν
474 2854 525 2921 έπὶ
549 2855 651 2938 σφέας
672 2857 924 2938 στρατεύεσθαι,
949 2851 1100 2935 ἑτοίμους

92 2959 259 3050 Ἀργείους
271 2961 453 3028 ποιέεσθαι.
489 2962 567 3038 τούς
580 2985 614 3026 τε
629 2963 669 3044 δὴ
685 2956 884 3044 Ἀθηναίους
897 2957 1099 3040 ἀποβεβάναι

94 3071 126 3148 ἐς
149 3072 211 3154 τὴν
230 3072 409 3153 Αἰγιναίην
431 3066 486 3132 καὶ
508 3078 662 3151 παρεῖναι
680 3065 885 3149 βοηθέοντας
908 3066 1003 3146 σφίσι
1020 3065 1099 3139 τοὺς

91 3172 259 3260 Ἀργείους
286 3173 340 3240 καὶ
368 3179 485 3239 λαθεῖν
511 3196 546 3238 τε
574 3172 606 3251 ἐξ
633 3169 834 3255 Ἐπιδαύρου
862 3168 1039 3252 διαβάντας
1067 3169 1099 3246 ές

93 3285 153 3367 τὴν
178 3291 282 3365 νῆσον
304 3279 359 3345 καὶ
383 3280 424 3344 οὐ
446 3281 668 3362 προακηκοόσι
696 3288 781 3341 τοῖσι
801 3273 1008 3358 Ἀθηναίοισι
1031 3275 1099 3340 έπι-

94 3399 207 3454 πεσεῖν
237 3384 509 3470 ὑποταμομένους
535 3384 572 3449 τὸ
603 3381 666 3446 ἀπὸ
694 3392 760 3445 τῶν
787 3391 888 3465 νεῶν,
917 3382 983 3465 άμα
1004 3405 1039 3446 τε
1062 3381 1099 3446 έν

94 3497 199 3582 τούτῳ
237 3493 299 3577 την
336 3494 480 3577 βροντήν
516 3512 551 3554 τε
586 3489 743 3572 γενέσθαι
778 3485 833 3552 καὶ
868 3489 927 3552 τὸν
963 3489 1098 3572 σεισμὸν
