2640 3960
415 253 482 308 LIB.
502 252 548 308 VI.
586 252 661 308 CAP.
680 256 803 308 48-52.
1067 255 1109 320 89

108 399 185 478 ἐφη·
200 395 290 480 Ἤδη
313 405 377 462 νῦν
400 403 614 482 καταχαλκοῦ,
638 393 664 462 ὦ
687 397 769 483 κριέ,
793 399 832 462 τδι
850 395 955 483 κέρεα,
975 395 1019 474 ὡς
1033 413 1110 463 συν-

108 505 282 587 οισόμενος
305 504 434 590 μεγάλῳ
457 511 555 590 κακῷ.

194 607 250 673 Ἐν
278 607 315 674 δὲ
342 618 380 694 τή
404 609 540 695 Σπάρτῃ
568 617 688 674 τοῦτον
710 611 768 674 τὸν
790 612 914 694 χρόνον
936 608 1163 694 ὑπομένουσι

111 716 309 799 Δημάρητος
327 714 344 780 ὁ
360 713 558 798 Ἀρίστωνος
580 713 730 798 διέβαλλε
748 715 807 780 τὸν
825 713 1024 798 Κλεομένεα,
1048 715 1112 780 ἐὼν

110 823 264 901 βασιλεὺς
286 819 341 886 καὶ
364 817 461 898 οὗτος
484 819 736 907 Σπαρτιητέων,
767 823 872 904 οέκίης
895 817 932 884 δέ
954 829 1011 904 τής
1032 820 1111 884 ὑπο-

110 925 291 1011 δεεστέρης,
310 922 382 992 κατ’
404 928 484 992 ἀλλο
503 923 564 1010 μὲν
582 923 683 991 οὐδέν
700 924 938 1011 ὑποδεεστέρης
957 924 1034 1013 (ἀπὸ
1049 928 1112 1010 γὰρ

113 1040 171 1096 τοῦ
194 1032 299 1098 αὐτοῦ
321 1030 507 1119 γεγόνασι),
530 1033 612 1097 κατὰ
634 1035 894 1116 πρεσβυγενείην
917 1031 957 1097 δέ
976 1055 1042 1108 κως
1063 1054 1112 1096 τε-

109 1140 241 1220 τίμηται
274 1143 399 1222 μᾶλλον
427 1138 447 1221 ή
475 1137 718 1224 Εὐρυσθένεος.
765 1127 1024 1222 Λακεδαιμόνιοι
1050 1139 1112 1220 γάρ
1132 1157 1165 1206 52

110 1242 346 1326 ὁμολογέοντες
369 1242 484 1309 οὐδενὶ
506 1251 624 1336 ποιητή
647 1242 782 1327 λέγουσι
804 1244 906 1310 αὐτὸν
926 1241 1114 1328 Ἀριστόδη-

109 1371 175 1432 μον
197 1349 257 1414 τὸν
283 1344 518 1434 Ἀριστομάχου
543 1359 604 1414 τοῦ
626 1351 813 1415 Κλεοδαίου
840 1357 900 1414 τοῦ
914 1347 1033 1414 Ὕλλου
1057 1353 1114 1432 βα-

110 1455 286 1520 σιλεύοντα
305 1455 441 1539 ἀγαγεῖν
459 1455 562 1540 σφέας
576 1455 610 1532 ἐς
622 1457 745 1539 ταύτην
763 1456 825 1538 τήν
842 1456 954 1540 χώρην
971 1457 1032 1538 τήν
1050 1464 1114 1520 νῦν

110 1559 276 1643 ἐκτέαται,
292 1558 362 1626 ἀλλ’
389 1562 430 1626 οὐ
452 1565 530 1638 τοὺς
549 1558 788 1647 Ἀριστοδήμου
810 1563 938 1638 παῖδας.
975 1563 1054 1645 μετὰ
1077 1557 1114 1626 δέ

111 1655 236 1752 χρόνον
259 1667 300 1732 οὐ
322 1669 447 1733 πολλὸν
462 1662 685 1754 Ἀριστοδήμῳ
704 1677 810 1732 τεκεῖν
828 1668 888 1750 τήν
905 1678 1057 1750 γυναῖκα,
1075 1675 1114 1751 τή

114 1774 243 1856 οὕνομα
274 1768 359 1838 εἶναι
384 1771 548 1858 Ἀργείην·
579 1770 748 1858 θυγατέρα
776 1769 813 1838 δὲ
846 1773 949 1856 αὐτήν
981 1771 1114 1856 λέγουσι

92 1874 199 1945 ἐἶναι
222 1879 432 1954 Αὐτεσίωνος
453 1887 514 1944 τοῦ
536 1882 722 1961 Τισαμενοῦ
744 1886 805 1942 τοῦ
823 1879 1037 1963 Θερσάνδρου
1054 1887 1115 1943 τοῦ

112 1987 346 2060 Πολυνείκεος·
378 1985 501 2066 ταύτην
533 1979 570 2048 δὲ
601 1994 707 2048 τεκεῖν
735 1984 872 2067 δίδυμα,
896 1983 1050 2048 ἐπιδόντα
1078 1980 1115 2048 δὲ

111 2093 172 2156 τὸν
192 2089 430 2175 Ἀριστόδημον
451 2091 492 2155 τά
513 2088 611 2155 τέκνα
633 2091 744 2176 νούσῳ
766 2095 931 2180 τελευτᾶν.
954 2092 1115 2155 Λακεδαι-

112 2200 251 2282 μονίους
278 2193 316 2260 δέ
347 2198 425 2272 τοὺς
455 2199 528 2262 τότε
558 2195 672 2272 ἐόντας
703 2199 881 2278 βουλεῦσαι
907 2196 988 2260 κατὰ
1010 2198 1116 2280 νόμον

112 2303 251 2387 βασιλέα
269 2312 336 2368 τῶν
353 2304 483 2367 παίδων
501 2303 560 2367 τὸν
573 2301 798 2387 πρεσβύτερον
813 2303 1031 2384 ποιήσασθαι·
1055 2303 1115 2366 οὐκ

114 2406 161 2476 ὧν
177 2411 219 2492 δή
238 2425 341 2492 σφεας
360 2410 446 2491 ἐχειν
465 2407 621 2492 ὁκότερον
639 2406 789 2491 ἕλωνται,
808 2407 890 2472 ὥστε
913 2403 969 2472 καὶ
991 2407 1115 2491 ὁμοίων

113 2513 168 2581 καὶ
193 2521 275 2580 ίσωυ
299 2513 435 2580 ἐόντων·
473 2513 513 2577 οὐ
544 2513 750 2596 δυναμένους
778 2510 814 2577 δὲ
841 2524 982 2596 γνῶναι,
1014 2513 1035 2596 ή
1062 2511 1116 2578 καὶ

113 2623 178 2706 πρὸ
201 2621 333 2702 τούτου,
357 2619 534 2704 ἐπειρωτᾶν
551 2619 612 2701 τήν
629 2621 810 2683 τεκοῦσαν.
822 2619 883 2701 τήν
903 2615 939 2683 δέ
962 2616 1040 2683 οὐδὲ
1060 2619 1117 2682 αὐ-

113 2730 176 2810 τήν
206 2726 310 2810 φάναι
343 2725 588 2808 διαγινώσκειν·
625 2725 753 2790 εἰδυῖαν
781 2721 842 2808 μὲν
869 2723 923 2788 καὶ
950 2725 987 2788 τὸ
1015 2725 1117 2806 κάρτα

115 2833 223 2917 λέγειν
257 2840 373 2912 ταῦτα,
406 2827 614 2914 βουλομένην
647 2826 683 2893 δέ
715 2835 748 2894 ελ
775 2853 840 2906 κως
862 2829 1043 2913 ἀμφότεροι
1066 2851 1117 2910 γε-

114 2943 230 3004 νοίατο
244 2935 402 3021 βασιλέες.
424 2938 502 3012 τοὺς
525 2931 572 3000 ὧν
592 2935 632 3018 δή
652 2937 936 3019 Λακεδαιμονίους
954 2932 1117 3016 ἀπορέειν,

3 3029 4 3038 ¹
115 3043 318 3130 ἀπορέοντας
341 3039 378 3111 δέ
400 3041 539 3126 πέμπειν
562 3041 596 3118 ἐς
618 3043 775 3124 Δελφοὺς
802 3035 1077 3123 ἐπειρησομένους
1099 3039 1117 3103 ὅ
1171 3054 1173 3060 ·

118 3175 151 3216 τι
172 3153 360 3236 χρήσωνται
379 3156 424 3236 τῷ
449 3150 621 3234 πρήγματι.
662 3147 723 3229 τήν
751 3143 788 3210 δὲ
811 3148 948 3226 Πυθίην
971 3145 1118 3208 κελεύειν

117 3257 221 3342 σφέας
244 3257 414 3341 ἀμφότερα
437 3255 476 3319 τά
494 3254 609 3319 παιδία
627 3250 817 3334 ἡγήσασθαι
836 3249 999 3333 βασιλέας,
1022 3259 1118 3336 τιμᾶν

117 3362 153 3430 δέ
176 3368 303 3448 μᾶλλον
325 3363 384 3427 τὸν
407 3363 606 3445 γεραίτερον.
629 3353 773 3440 τὴνμὲυ
797 3357 837 3438 δή
858 3360 996 3438 Πυθίην
1018 3356 1120 3420 ταῦτά

117 3489 178 3551 σφι
196 3470 337 3551 ἀνελεῖν,
359 3478 446 3532 τοῖσι
465 3463 501 3530 δὲ
520 3464 812 3542 Λακεδαιμονίοισι
826 3461 1005 3540 ἀπορέουσι
1020 3459 1120 3527 οὐδὲν
