2572 3980
218 303 262 368 20
630 301 814 358 HERODOTI

215 452 286 512 λον.
310 447 352 512 σύ
361 443 430 512 νυν
444 448 504 530 την
522 443 583 531 μὲν
602 450 685 532 ἐχεις
698 457 850 530 γυναῖκα,
869 446 972 512 ἐπείτε
986 467 1037 510 τοι
1051 444 1093 508 ού
1107 445 1222 526 τίκτει,

216 551 296 635 ἔξεο,
315 554 419 636 ἀλλην
442 549 479 618 δέ
502 563 625 637 γῆμον·
647 551 703 618 καὶ
724 552 847 618 ποιέων
869 561 971 618 ταῦτα
993 553 1223 634 Σπαρτιήτῃσι

216 659 357 742 ἁδήσεις.
386 659 404 724 ὁ
428 656 459 724 δ’
485 659 635 743 ἀμείβετο
654 661 719 742 φὰς
736 659 863 724 τούτων
882 656 1040 743 οὐδέτερα
1057 659 1221 738 ποιήσειν,

217 765 364 842 ἐκείνους
386 789 421 830 τε
444 765 486 831 ού
508 770 614 841 καλῶς
633 765 873 849 συμβουλεύειν
891 761 1140 848 παραινέοντας,
1157 765 1222 846 τὴν

216 873 283 954 ίχει
305 882 456 954 γυναῖκα,
480 871 602 936 ἐοῦσαν
626 869 855 954 ἀναμάρτητον
875 867 996 951 ἐωντιι,
1018 869 1143 952 ταύτην
1160 868 1222 932 ἀπ·

88 1009 92 1032 ι
163 993 198 1043 40
217 975 293 1042 ε’ντα
316 978 420 1060 ἀλλην
447 974 684 1058 ἐσαγαγέσθαι·
721 975 803 1040 ούδέ
827 992 887 1058 σφι
914 978 1097 1040 πείσεσθαι.
1138 976 1222 1059 πρὸς

216 1091 319 1146 ταῦτα
342 1083 378 1147 οί
398 1084 515 1166 ἔφοροι
537 1079 592 1145 καί
616 1080 653 1146 οί
670 1079 823 1166 μέροπες
841 1081 1101 1164 βουλευσάμενοι
1118 1099 1221 1165 προσ-

218 1185 584 1273 έφερονἈναξανδρίδη
593 1187 683 1251 τάδε·
695 1183 785 1252 Ἐπεὶ
797 1189 913 1251 τοίνυν
922 1209 974 1252 τοι
982 1188 1218 1271 περιεχόμενόν

217 1309 255 1358 σε
280 1292 409 1378 ὁρῶμεν
431 1302 489 1375 τῆς
512 1295 595 1376 ἔχεις
616 1295 784 1375 γυναικός,
808 1295 851 1358 σὺ
875 1290 911 1357 δὲ
933 1301 1035 1357 ταῦτα
1056 1295 1148 1357 ποίεε
1165 1292 1222 1357 καὶ

217 1401 261 1484 μὴ
290 1399 458 1481 ἀντίβαινε
486 1398 648 1479 τούτοισι,
681 1398 737 1462 ίνα
766 1400 810 1482 μη
835 1421 868 1462 τι
897 1397 1033 1462 ἀλλοίου
1059 1394 1134 1481 περὶ
1161 1407 1222 1464 σεῦ

218 1509 422 1590 Σπαρτιῆται
445 1503 699 1586 βουλεύσωνται.
732 1505 889 1586 γυναικὸς
911 1500 971 1586 μὲν
993 1510 1051 1585 τῆς
1073 1505 1158 1587 ἔχεις
1181 1505 1221 1569 ού

218 1608 451 1692 προσδεόμεθά
475 1623 533 1672 σευ
557 1616 614 1690 τῆς
637 1607 774 1691 ἐξέσιος,
804 1612 847 1674 σύ
875 1605 912 1674 δὲ
934 1609 1034 1694 ταύτῃ
1057 1630 1093 1673 τε
1114 1611 1222 1675 πάντα

219 1717 281 1780 ὅσα
303 1723 367 1780 νῦν
390 1713 541 1798 παρέχεις
566 1714 686 1799 πάρεχε
712 1711 767 1778 καὶ
794 1714 898 1796 ἀλλην
920 1715 1002 1797 πρὸς
1023 1715 1125 1800 ταύτη
1149 1715 1222 1781 ἐσά-

97 1878 100 1884 .
218 1844 299 1904 χαγε
322 1830 463 1904 γυναῖκα
481 1822 684 1884 τεκνοποιόν.
707 1821 809 1884 ταῦτά
823 1843 867 1905 κη
891 1821 1056 1902 λεγόντων
1078 1825 1221 1906 συνεχώ-

221 1943 300 2011 ρησε
320 1924 616 2009 δἈναξανδρίδης,
631 1927 710 2008 μετὰ
729 1923 766 1989 δέ
783 1935 943 2008 γυναῖκας
956 1927 1040 2009 έχων
1055 1925 1117 1990 δύο
1133 1927 1222 2005 διξάς

165 2050 198 2098 41
221 2033 324 2109 ἱστίας
347 2038 442 2116 οίκεε,
466 2030 589 2096 ποιέων
612 2031 765 2114 οὐδαμῶς
782 2031 1014 2116 Σπαρτιητικά.
1041 2033 1167 2114 χρόνου
1187 2032 1222 2099 δέ

219 2139 260 2202 ού
288 2143 413 2203 πολλοῦ
441 2139 636 2212 διελθόντος
662 2136 684 2218 ἡ
712 2135 888 2220 ἐσύστερον
921 2136 1108 2201 ἐπελθοῦσα
1136 2142 1221 2222 γυνη

218 2246 319 2308 τίκτει
340 2245 400 2308 τὸν
423 2244 464 2326 δὴ
487 2241 674 2326 Κλεομένεα
696 2249 823 2306 τοῦτον.
846 2239 901 2306 καὶ
924 2243 1006 2325 αὕτη
1025 2263 1059 2307 τε
1078 2245 1222 2329 ἔφεδρον

219 2346 357 2430 βασιλέα
371 2350 598 2431 Σπαρτιήτῃσι
612 2345 771 2428 ἀπέφαινε
789 2343 844 2410 καὶ
861 2346 882 2428 ἡ
900 2344 1041 2432 προτέρη
1060 2350 1147 2432 γυνὴ
1165 2353 1222 2416 τὸν

219 2454 382 2536 πρότερον
405 2457 528 2538 χρόνον
551 2453 667 2528 άτοκος
690 2451 790 2516 ἐοῦσα
811 2454 884 2517 τότε
906 2476 971 2529 κως
994 2452 1120 2537 ἐκύησε,
1146 2471 1222 2522 συν-

219 2560 314 2642 τυχίη
332 2557 434 2642 ταύτη
453 2555 651 2641 χρησαμένη.
675 2559 816 2641 ἔχουσαν
831 2554 868 2622 δὲ
881 2557 985 2641 αὐτὴν
1004 2557 1125 2641 ἀληθέι·
1137 2565 1222 2651 λόγῳ
1275 2639 1276 2642 ¹

221 2663 257 2728 οί
266 2672 323 2746 τῆς
342 2661 549 2746 ἐπελθούσης
571 2665 728 2746 γυναικὸς
746 2665 866 2746 οίκηιοι
883 2667 1069 2747 πυθόμενοι
1088 2668 1222 2751 ὤχλεον,
1269 2651 1277 2956 χ

1272 1977 1280 2071 ,λ

220 2768 363 2852 φάμενοι
386 2768 490 2851 αὐτὴν
520 2767 674 2852 κομπέειν
702 2770 808 2844 άλλως
834 2768 1041 2853 βουλομένην
1063 2771 1222 2856 ὑποβαλέ-

220 2880 311 2939 σθαι.
349 2874 444 2938 δεινά
467 2870 504 2938 δὲ
527 2875 711 2940 ποιεύντων
734 2875 855 2957 αὐτῶν,
877 2884 938 2940 τοῦ
960 2879 1083 2962 χρόνον
1106 2881 1222 2944 συντά-

220 3002 371 3064 μνοντος,
393 2974 451 3044 ὑπ’
468 2980 618 3064 ἀπιστίης
636 2982 671 3046 οἱ
686 2984 803 3064 ἔφοροι
821 2985 996 3048 τίκτουσαν
1008 2985 1070 3067 τὴν
1082 2997 1223 3067 γυναῖκα

219 3088 439 3169 περιιζόμενοι
463 3085 639 3170 ἐφύλαξαν.
675 3087 696 3169 ἡ
720 3084 757 3150 δὲ
779 3087 824 3162 δις
846 3089 933 3152 ἔτεκε
956 3087 1099 3174 Δωριέα,
1124 3090 1224 3166 ίθίως

221 3196 305 3274 ἴσχει
323 3192 497 3274 Λεωνίδην
515 3189 569 3256 καὶ
589 3192 668 3276 μετὰ
685 3200 804 3256 τοῦτον
824 3190 924 3268 ἰθέως
938 3198 1021 3278 ίσχει
1034 3197 1224 3282 Κλεόμβρο-

219 3315 293 3361 τον·
317 3297 353 3361 οί
373 3293 410 3361 δὲ
433 3294 487 3360 καὶ
511 3297 672 3380 διδύμους
696 3295 830 3379 λέγουσι
857 3300 1090 3384 Κλεόμβροτόν
1112 3324 1148 3366 τε
1171 3301 1224 3366 καὶ

220 3403 396 3485 Λεωνίδην
419 3400 586 3484 γενέσθαι.
608 3403 629 3486 ἡ
654 3399 690 3467 δέ
713 3401 901 3486 Κλεομένεα
923 3413 1062 3470 τεκοῦσα
1084 3405 1139 3472 καὶ
1160 3410 1224 3488 [τὸ]

222 3509 379 3594 δεύτερον
398 3507 586 3573 ἐπελθοῦσα
603 3509 700 3590 χννη,
720 3508 820 3574 ἐοῦσα
837 3508 989 3595 θυγάτηρ
1007 3512 1225 3594 Πρινητάδεω
1271 3555 1272 3607 χ
