2678 3968
433 271 574 329 LIB.V11.
613 277 685 333 oAP.
707 285 863 336 τοο-κιο,
1089 285 1158 348 239

149 414 206 488 τῆς
229 421 382 496 στρατιῆς
403 424 460 498 τής
477 420 632 503 Μηδικῆς
655 421 736 486 ἀλλά
759 425 798 488 τά
821 425 914 508 αὐτά,
938 427 993 491 ἀτε
1017 426 1053 492 ἐν
1072 429 1166 494 στειέ
1250 465 1252 472 >

148 515 281 601 νοπύρφ
309 541 345 582 τε
370 521 466 609 χώρφ
495 528 674 610 μαχόμενοι
701 527 755 593 καλ
779 531 896 615 δόρασι
924 532 1156 619 βραχυτέροισι

148 619 329 704 χρεώμενοι
355 625 377 708 ή
403 649 464 713 περ
489 631 524 695 οί
539 629 695 716 Ἕλληνες
721 633 776 700 καὶ
799 636 860 700 οὐκ
883 639 1012 721 ἔχοντες
1033 641 1158 724 πλήθεϊ

147 727 343 808 χρήσασθαι.
389 737 646 821 Λακεδαιμόνιοι
675 737 712 806 δέ
739 741 898 827 ἐμάχοντο
921 743 1018 824 ἀξίως
1040 749 1157 828 λόγου,

148 830 231 894 ἀλλα
248 856 282 898 τε
301 835 575 926 ἀποδεικνύμενοι
594 845 630 909 ἐν
649 846 711 911 οὐκ
729 846 972 933 ἐπισταμένοισι
991 850 1156 934 μάχεσθαι

148 935 406 1027 ἐξεπιστάμενοι,
438 945 492 1012 καλ
523 950 606 1026 ὅκως
633 951 825 1039 ἐντρέψειαν
855 957 895 1020 τά
926 967 1030 1038 νῶτα,
1063 954 1156 1034 ἀλέες

147 1044 334 1127 φεύγεσκον
357 1051 477 1136 δήθεν,
502 1055 537 1120 οί
557 1053 594 1121 δέ
616 1059 780 1143 βάρβαροι
803 1060 945 1146 δρῶντες
968 1055 1155 1146 φεύγοντας

145 1151 209 1234 βοή
227 1173 262 1215 τε
280 1151 334 1218 καὶ
353 1158 485 1246 τατάγφ
501 1160 649 1247 ἐπήισαν,
669 1166 704 1230 οί
720 1160 751 1230 δ’
772 1165 813 1231 ἀν
827 1169 1153 1252 καταλαμβανόμενοι

145 1254 354 1342 ὑπέστρεφον
381 1261 488 1329 ἀντίοι
516 1262 600 1332 εἶναι
627 1282 713 1336 τοῖσι
740 1275 951 1358 βαρβάροισι,
982 1291 1153 1359 μεταστρε-

146 1363 288 1446 φόμενοι
307 1361 343 1430 δὲ
361 1369 562 1452 κατέβαλλον
580 1377 704 1458 πλήθεϊ
720 1377 968 1462 ἀναριθμήτους
985 1391 1052 1445 τῶν
1066 1385 1150 1467 Περ·
1205 1403 1206 1408 ’

147 1466 247 1532 σέων·
266 1471 401 1537 ἔπιπτον
420 1471 457 1540 δέ
474 1475 528 1541 καλ
547 1479 658 1544 αὐτῶν
675 1493 742 1546 τῶν
756 1484 991 1568 Σπαρτιητέων
1006 1485 1152 1551 ἐνθαῦτα

146 1573 262 1656 ὀλίγοι.
290 1575 358 1642 ἐπεὶ
391 1576 427 1644 δέ
455 1580 556 1648 οὐδὲν
588 1585 743 1652 ἐδυνέατο
775 1593 977 1674 παραλαβεῖν
1005 1591 1041 1656 οί
1065 1590 1151 1677 Πέρ-

146 1695 202 1744 σαι
231 1690 288 1764 τής
314 1683 435 1751 ἐσόδου
461 1690 658 1774 πειρώμενοι
684 1691 739 1756 καὶ
766 1695 847 1758 κατά
872 1693 966 1760 τέλεα
994 1693 1049 1761 καὶ
1071 1718 1151 1762 παυ-

145 1790 243 1862 τοίως
270 1793 548 1878 προσβάλλοντες,
576 1796 768 1880 ἀπήλαυνον
795 1799 908 1866 ὀπίσω.
942 1799 978 1866 ἐν
1005 1803 1205 1887 ταύτησιτικ

4 1925 22 1972 ι,
145 1900 220 1976 τήσι
242 1898 437 1980 προσόδοισι
455 1909 512 1983 τής
535 1901 639 1986 μάχης
657 1902 784 1987 λέγεται
807 1904 943 1988 βασιλέα
961 1907 1150 1991 θηεύμενον

145 1995 216 2082 τρίς
248 1999 449 2088 ἀναδραμεῖν
479 2006 514 2070 ἐκ
545 2016 605 2072 τοῦ
637 2011 782 2093 θρόνου,
820 2011 974 2075 δείσαντα
1006 2009 1080 2097 περὶ
1111 2022 1151 2098 τῇ

146 2115 290 2189 στρατιή.
321 2113 393 2175 τότε
421 2108 481 2195 μὲν
508 2114 595 2178 οὕτω
622 2115 843 2200 ήγωνίσαντο,
871 2126 910 2201 τή
939 2116 968 2181 δ’
995 2118 1150 2204 ὑστεραίῃ

147 2209 183 2272 οί
202 2211 363 2298 βάρβαροι
386 2213 486 2283 οὐδὲν
510 2221 646 2304 ἀμεινον
669 2220 824 2288 ἀέθλεον·
853 2223 909 2287 ἀτε
937 2223 1000 2308 γδρ
1028 2223 1152 2308 ὀλίγων

146 2314 285 2400 ἐόντων,
319 2320 507 2401 ἐλπίσαντές
535 2341 639 2410 σφεας
665 2333 1008 2413 κατατετρωματίσθαι
1034 2353 1069 2395 τε
1097 2329 1150 2397 καλ

146 2422 208 2486 οὐκ
238 2424 330 2502 οἵους
356 2449 391 2492 τε
417 2432 553 2496 ἔσεσθαι
581 2436 627 2497 ἔτι
653 2445 763 2520 χεῖρας
790 2435 1027 2520 ἀνταείρασθαι
1056 2435 1151 2502 συνέ-

145 2532 279 2612 βαλλον.
312 2530 347 2594 οί
367 2529 403 2597 δὲ
418 2531 574 2619 Ἕλληνες
595 2541 676 2604 κατά
698 2539 786 2618 τάξις
807 2564 843 2606 τε
864 2539 919 2605 καὶ
942 2543 1022 2606 κατά
1049 2545 1150 2607 ἔθνεα

144 2634 385 2720 κεκοσμημένοι
397 2634 484 2722 ήσαν
498 2631 551 2706 καὶ
566 2643 602 2709 ἐν
623 2644 715 2730 μέρει·
727 2646 857 2711 ἕκαστοι-
872 2646 1041 2730 ἐμάχοντο,
1063 2649 1150 2729 πλήν

148 2740 305 2807 Φωκέων·
335 2740 427 2810 οὗτοι
455 2743 492 2812 δέ
518 2747 551 2824 ἐς
573 2751 610 2814 τὸ
634 2752 712 2834 ύρος
735 2751 921 2834 ἐτάχθησαν
949 2751 1150 2835 φυλάξοντες

144 2849 205 2932 τήν
233 2850 388 2935 ἀτραπόν.
421 2851 465 2928 ὡς
495 2850 531 2918 δὲ
563 2853 663 2921 οὐδὲν
693 2857 846 2942 εὕρισκον
875 2857 1085 2940 ἀλλοιότερον
1117 2857 1152 2922 οί

144 2955 273 3043 Πέρσαι
291 2957 312 3041 ή
329 2966 368 3042 τή
387 2962 564 3046 προτεραίη
584 2961 728 3047 ἐνώρων,
752 2961 953 3046 ἀπήλαυνον.
982 2959 1140 3046 ἀπορέον-
1151 2982 1201 3030 213

143 3085 199 3138 τος
223 3059 259 3128 δέ
286 3064 439 3147 βασιλέος
468 3066 486 3132 ὅ
506 3089 539 3131 τι
560 3068 719 3152 χρήσηται
736 3075 781 3154 τῷ
799 3069 955 3150 παρεόντι
973 3067 1147 3151 πρήγματι,

140 3165 311 3255 Ἐπιάλτης
348 3169 366 3236 ὁ
396 3171 601 3257 Εὐρυδήμου
636 3171 719 3255 ἀνήρ
752 3173 902 3254 Μηλιεὺς
935 3166 1023 3253 ήλθέ
1052 3172 1088 3236 οί
1116 3173 1148 3251 ἐς

144 3278 263 3358 λόγους
290 3276 334 3352 ὡς
361 3274 444 3360 μέγα
471 3300 503 3341 τι
529 3277 617 3359 παρὰ
649 3275 800 3358 βασιλέος
831 3273 956 3340 δοκέων
984 3275 1147 3362 οίσεσθαι,

144 3380 271 3466 ἔφρασέ
293 3406 329 3448 τε
355 3384 416 3466 τήν
439 3382 586 3466 ἀτραπὸν
607 3381 669 3466 τήν
696 3383 751 3446 διά
772 3389 832 3446 τοῦ
856 3381 949 3466 ὄρεος
977 3380 1147 3467 φέρουσαν

143 3487 177 3563 ἐς
195 3489 409 3572 Θερμοπύλας
425 3485 481 3552 καὶ
500 3486 670 3574 διέφθειρε
688 3490 766 3564 τοὺς
783 3487 883 3572 ταύτη
906 3487 1148 3572 ὑπομείναντας
