2678 3968
196 285 262 349 272
610 281 800 336 HERODOTI

146 545 147 552 ’
195 531 320 598 τολέων
348 533 484 598 ἀπίκατο
513 531 546 608 ἐς
571 533 650 607 τοὺς
673 529 835 614 Ἕλληνας
862 534 1075 614 Δημοκρίτου
1103 532 1202 595 σπεύ·

137 678 142 694 ·
193 654 327 720 σαντος,
351 638 473 722 ἀνδρὸς
495 647 561 701 τῶν
585 636 694 701 ἀστῶν
719 637 857 719 δοκίμου
880 635 934 700 καλ
956 638 1029 701 τότε
1047 660 1202 722 τριηραρ-

194 745 344 830 χέοντος·
359 744 479 822 Νάξιοι
488 743 528 808 δέ
540 744 603 807 εἰσι
613 740 727 820 Ἴωνες
736 743 799 807 ἀπὸ
812 739 980 825 Ἀθηνέων
991 745 1201 826 [γεγονότες].

196 849 341 934 Στυρέες
373 846 410 914 δέ
439 851 497 925 τάς
523 848 623 924 αὐτάς
650 851 845 931 παρείχοντο
873 847 951 924 νέας
975 849 1034 924 τάς
1060 870 1120 933 περ
1148 844 1199 914 ἐπ’

192 953 395 1044 Ἀρτεμισίῳ,
414 956 563 1019 Κύθνιοι
582 950 618 1018 δὲ
636 956 716 1037 μίαν
734 951 788 1018 καὶ
802 956 1072 1038 πεντηκόντερον,
1092 954 1204 1032 ἐόντες

193 1066 444 1147 συναμφότεροι
476 1055 569 1126 οὗτοι
595 1061 758 1143 Δρύοπες.
807 1057 861 1124 καὶ
893 1063 1053 1145 Σερίφιοί
1076 1084 1111 1126 τε
1146 1059 1203 1126 καὶ

196 1172 337 1252 Σίφνιοι
358 1167 412 1234 καὶ
430 1169 558 1250 Μήλιοι
576 1165 824 1250 ἐστρατεύοντο·
848 1159 940 1230 οὗτοι
963 1168 1026 1251 γάρ
1045 1167 1106 1232 οὐκ
1129 1169 1204 1233 ἐδο-

194 1291 261 1339 σαν
284 1284 405 1358 μοῦνοι
428 1271 617 1356 νησιωτέων
640 1281 684 1358 τῷ
709 1271 865 1359 βαρβάρῳ
888 1280 952 1354 γήυ
970 1295 1005 1336 τε
1027 1271 1081 1341 καὶ
1099 1274 1202 1358 ὕδωρ.

12 1440 14 1445 .
141 1400 177 1448 47
192 1375 291 1446 οὗτοι
324 1376 399 1463 μὲνχ
416 1381 555 1454 ἀπαντες
587 1377 680 1454 έντὸς
711 1377 880 1461 οἰκημένοι
908 1381 1114 1464 Θεσπρωτῶν
1144 1379 1202 1444 καὶ
1326 1401 1327 1448 λ

193 1482 384 1571 Ἀχέροντος
406 1492 555 1568 ποταμοῦ
574 1483 823 1567 ἐστρατεύοντο·
848 1482 1038 1568 Θεσπρωτοὶ
1056 1485 1118 1570 γάρ
1136 1487 1203 1550 είσι
1326 1539 1327 1570 3

197 1591 415 1676 ὁμουρέοντες
425 1587 687 1676 Ἀμπρακιώτῃσι
701 1587 755 1653 καὶ
770 1591 996 1671 Λευκαδίοισι,
1015 1593 1051 1653 οἳ
1061 1590 1094 1668 ἐξ
1108 1590 1202 1675 ἐσχά-
1326 1575 1327 1580 ¹

194 1721 263 1762 των
282 1695 417 1782 χωρέων
435 1695 679 1779 ἐστρατεύοντο.
717 1705 784 1758 τῶν
804 1690 840 1758 δὲ
859 1694 949 1770 έκτὸς
966 1696 1094 1760 τούτων
1112 1699 1202 1780 οἰκη-
1326 1727 1327 1786 3

196 1803 307 1888 μένων
340 1806 568 1888 Κροτωνιήται
604 1809 724 1884 μοῦνοι
759 1796 844 1884 ήσαν
877 1803 913 1865 οἳ
941 1800 1131 1886 ἐβοήθησαν
1160 1814 1202 1889 τή
1326 1839 1327 1874 ι

191 1907 325 1975 Ἑλλάδι
356 1907 599 1992 κινδυνευούσῃ
630 1915 687 1991 μιή
716 1911 790 1990 νηί,
820 1916 878 1990 τῆς
906 1903 985 1992 ήρχε
1017 1909 1101 1994 ἀνὴρ
1131 1908 1203 1994 τρὶς
1322 1889 1327 1950 ἐ

195 2019 396 2100 πυθιονίκης
411 2014 575 2090 Φάϋλλος·
590 2015 819 2099 Κροτωνιῆται
834 2011 871 2078 δέ
884 2013 981 2096 γένος
995 2013 1058 2080 εἰσὶ
1069 2011 1201 2100 Ἀχαιοί.

143 2139 179 2188 48
198 2123 233 2187 οί
253 2120 314 2206 μέν
336 2147 400 2187 νυν
423 2123 517 2186 ἀλλοι
539 2121 691 2204 τριήρεας
713 2122 931 2204 παρεχόμενοι
954 2119 1200 2206 ἐστρατεύοντο,

196 2230 324 2309 Μήλιοι
353 2224 389 2292 δὲ
416 2225 471 2291 καὶ
494 2229 633 2310 Σίφνιοι
656 2222 710 2290 καὶ
734 2229 890 2312 Σερίφιοι
911 2227 1200 2313 πεντηκοντέρους.

197 2336 324 2414 Μήλιοι
343 2332 413 2415 μέν,
436 2331 532 2414 γένος
552 2331 660 2408 ἐόντες
678 2331 742 2396 ἀπὸ
761 2333 1018 2418 Λακεδαίμονος,
1039 2335 1100 2399 δύο
1119 2355 1201 2418 παρ-

197 2440 341 2521 είχοντο,
370 2440 509 2520 Σίφνιοι
538 2433 575 2501 δὲ
602 2435 657 2500 καὶ
680 2439 851 2523 Σερίφιοι,
872 2436 987 2516 Ἴωνες
1010 2439 1119 2516 ἐόντες
1141 2439 1197 2504 ἀπ’

194 2541 377 2626 Ἀθηνέων,
405 2545 484 2626 μίαν
512 2541 665 2626 ἑκάτεροι.
711 2542 855 2627 ἀριθμὸς
883 2541 919 2608 δὲ
945 2543 1073 2628 ἐγένετο
1097 2545 1115 2611 δ
1137 2555 1202 2624 πῶς

196 2659 263 2714 τῶν
289 2659 390 2732 νεῶν,
418 2647 518 2732 πάρεξ
541 2659 607 2714 τῶν
629 2649 910 2734 πεντηκοντέρων,
939 2654 1122 2738 τριηκόσιαι
1145 2651 1200 2717 καὶ

197 2754 422 2840 ἑβδομήκοντα
444 2751 498 2818 καὶ
521 2754 614 2819 όκτίι.

142 2878 178 2926 49
280 2858 336 2938 Ὡς
363 2859 400 2926 δὲ
428 2859 461 2936 ἐς
487 2861 547 2944 τήν
570 2865 744 2945 Σαλαμῖνα
772 2867 944 2946 συνῆλθον
968 2863 1003 2928 οί
1023 2865 1201 2950 στρατηγοὶ
1322 2883 1327 2946 j

197 2967 260 3034 ἀπὸ
287 2979 354 3032 τῶν
382 2965 564 3052 εἰρημένων
586 2970 726 3049 πολίων,
755 2967 987 3053 ἐβουλεύοντο,
1015 2969 1201 3055 προθέντος

196 3073 414 3159 Εὐρυβιάδεω
446 3073 582 3156 γνώμην
614 3071 861 3154 ἀποφαίνεσθαι
891 3075 951 3138 τὸν
982 3077 1199 3162 βουλόμενον,
1326 3151 1327 3160 ¹

196 3179 278 3244 ὅκου
302 3177 412 3243 δοκέοι
435 3177 687 3260 ἐπιτηδεότατον
710 3173 795 3242 εἶναι
817 3182 1004 3264 ναυμαχίην
1026 3181 1200 3248 ποιέεσθαι

194 3294 263 3347 τῶν
282 3281 376 3347 αὐτοὶ
395 3283 529 3368 χωρέων
547 3283 716 3368 ἐγκρατέες
734 3287 811 3348 είσί·
829 3285 849 3368 ή
868 3286 931 3370 γάρ
947 3279 1071 3368 Ἀττική
1086 3287 1199 3352 ἀπεῖτο

196 3388 276 3471 ήδη,
304 3399 371 3451 τῶν
399 3385 435 3452 δὲ
463 3388 604 3454 λοιπέων
630 3389 705 3475 πέρι
727 3393 908 3474 προετίθεε.
954 3391 991 3454 αι’
1010 3402 1138 3476 γνῶμαι
1161 3391 1200 3460 δέ

196 3503 264 3557 τῶν
301 3493 466 3572 λεγόντων
502 3495 539 3557 αί
571 3499 717 3559 πλεῖσται
755 3493 990 3574 συνεξέπιπτον
1025 3499 1108 3582 πρὸς
1138 3501 1200 3566 τὸν

194 427 278 493 κατά
300 447 361 513 περ
389 427 424 490 οί
444 427 538 490 ἀλλοι
560 435 733 508 νησιῶται,
757 425 976 508 ἀλογήσαντες
999 425 1036 489 δέ
1058 435 1124 489 τῶν
1148 424 1201 489 ἐν·

1326 957 1327 996 ι

1326 999 1327 1050 λ

1326 1053 1327 1098 λ
