2640 3960
415 263 481 319 LIB.
502 264 549 320 VI.
587 264 662 320 CAP.
682 269 805 320 43-48.
1072 265 1115 330 87

103 405 222 492 μέντοι
236 409 543 492 καταστρεψάμενος
557 409 660 492 ἀπῆγε
677 410 738 492 τήν
758 412 913 492 στρατιήν
927 410 1041 492 ὀπίσω,
1061 410 1117 476 ἅτε

108 521 157 600 τῷ
182 517 266 600 πεζῷ
291 537 327 578 τε
354 519 579 597 προσπταίσας
607 517 690 598 πρὸς
718 518 796 591 τοὺς
818 516 972 600 Βρύγους
993 514 1048 581 καὶ
1070 524 1116 605 τῷ

105 627 255 706 ναυτικῷ
279 620 428 702 μεγάλως
449 619 524 705 περὶ
534 620 659 686 ηΑθων.
687 616 784 697 οὗτος
802 621 862 705 μέν
880 646 945 686 νυν
963 622 981 687 δ
1000 625 1117 698 στόλος
1184 675 1188 686 .

106 727 252 809 αἰσχρῶς
276 725 522 810 ἀγωνισάμενος
545 727 739 811 ἀπαλλάχθη
764 727 796 803 ἐς
814 727 875 810 τήν
889 724 1012 810 Ἀσίην
1042 729 1116 792 δευ-
1134 747 1170 796 46

106 831 193 918 τέρῷ
218 828 255 896 δὲ
278 834 345 896 ἔτει·
364 834 492 898 τούτων
516 833 534 898 ὁ
564 837 707 918 Δαρεῖος
736 843 849 916 πρώτα
879 830 940 917 μὲν
972 836 1117 910 Θασίους

107 937 352 1020 διαβληθέντας
383 939 448 1004 ὑπὸ
480 950 547 1004 τῶν
584 939 826 1022 ἀστυγειτόνων
858 940 903 1015 ὡς
934 938 1117 1004 ἀπόστασιν

105 1041 321 1132 μηχανῴατο,
353 1042 483 1128 πέμψας
510 1046 652 1128 ἀγγελον
674 1044 804 1110 ἐκέλευέ
825 1061 929 1129 σφεας
950 1045 988 1109 τὸ
1011 1055 1117 1128 τεῖχος

105 1150 309 1235 περιαιρέειν
331 1149 386 1215 καί
408 1152 466 1227 τὰς
488 1151 565 1228 νέας
589 1152 622 1228 ἐς
635 1151 784 1236 ’Ἁβδηρα
806 1155 959 1234 κομίζειν.
998 1151 1032 1215 οἰ
1052 1152 1115 1232 γάρ

108 1259 151 1339 δή
176 1257 306 1339 Θάσιοι,
330 1248 384 1322 οἷα
406 1257 471 1322 ὑπὸ
491 1257 645 1322 Ἱστιαίου
662 1281 697 1323 τε
714 1267 775 1322 τοῦ
794 1260 964 1340 Μιλησίου
982 1261 1116 1341 πολιορ·

104 1362 271 1446 κηθέντες
303 1360 356 1427 καί
388 1364 565 1446 προσόδων
598 1363 743 1430 ἐουσέων
770 1363 922 1447 μεγάλων
954 1361 1114 1447 ἐχρέωντο

110 1481 200 1536 τοῖσι
219 1471 361 1552 χρήμασι
379 1467 457 1545 νέας
476 1491 510 1534 τε
524 1470 790 1554 ναυπηγεύμενοι
804 1471 929 1554 μακρὰς
941 1467 996 1533 καί
1010 1479 1116 1551 τεῖχος

106 1577 324 1660 ἰσχυρότερον
351 1577 634 1659 περιβαλλόμενοι.
675 1575 696 1658 η
720 1571 757 1640 δὲ
779 1577 944 1659 πρόσοδός
967 1591 1027 1658 σφι
1050 1573 1116 1656 ἐγί-

105 1705 184 1748 νετο
209 1683 245 1746 ἔκ
267 1704 301 1745 τε
323 1690 381 1763 τής
402 1681 541 1766 η’πείρου
564 1679 619 1746 καί
637 1681 700 1746 ἀπὸ
719 1692 786 1746 τῶν
805 1681 981 1763 μετάλλων.
1004 1679 1039 1745 ἐκ
1054 1678 1115 1762 μέν

104 1813 143 1872 γε
166 1797 234 1852 τῶν
258 1785 293 1851 ἐκ
321 1790 475 1870 Σκαπτής
493 1785 590 1870 Ὕλης
616 1798 683 1852 τῶν
713 1785 862 1870 χρυσέων
885 1787 1053 1871 μετάλλων
1075 1786 1113 1850 τὸ

108 1895 229 1960 ἐπίπαν
260 1892 450 1974 ὀγδώκοντα
481 1893 624 1958 τάλαντα
656 1896 810 1976 προσήιε,
848 1892 883 1957 ἐκ
915 1889 952 1958 δὲ
983 1903 1050 1956 τῶν
1077 1889 1114 1955 έν

106 2002 190 2084 αὐτή
214 1999 312 2085 Θάσῳ
336 1998 462 2064 ἐλάσσω
486 1995 547 2081 μέν
569 2000 707 2080 τούτων,
732 2000 837 2082 συχνὰ
861 1995 898 2063 δὲ
921 1999 1007 2063 οὕτω
1031 1998 1114 2062 ὥστε

105 2109 143 2172 τὸ
169 2105 289 2170 ἐπίπαν
308 2108 460 2170 Θασίοισι
484 2105 576 2170 ἐοῦσι
598 2116 733 2189 καρπῶν
752 2103 877 2170 ἀτελέσι
894 2107 1031 2189 προσήιε
1050 2102 1113 2166 ἀπό

104 2237 141 2279 τε
164 2221 222 2295 τῆς
245 2210 384 2295 ἠπείρου
411 2209 555 2276 καὶτῶν
579 2211 747 2295 μετάλλων
771 2213 859 2287 ἔτεος
882 2209 1020 2276 ἑκάστου
1043 2209 1113 2291 διη-

105 2321 203 2384 κόσια
217 2318 371 2398 τάλαντα,
391 2317 445 2381 ὅτε
464 2313 500 2380 δέ
518 2318 556 2382 τὸ
570 2322 724 2382 πλεῖστον
738 2321 918 2401 προσῆλθε,
933 2318 1112 2401 τριηκόσια.

105 2420 201 2491 εἶδον
225 2418 262 2487 δὲ
285 2419 339 2503 καί
362 2421 461 2497 αὐτὸς
482 2423 522 2486 τά
545 2421 686 2506 μέταλλα
709 2431 825 2504 ταῦτα,
852 2421 907 2486 καί
934 2429 1046 2510 μακρῷ
1070 2417 1112 2504 ήν
1131 2439 1165 2488 47

105 2531 218 2596 αὐτῶν
241 2528 486 2612 θωμασιώτατα
509 2529 549 2592 τά
576 2529 611 2593 οἰ
638 2531 790 2606 Φοίνικες
813 2529 955 2613 ἀνεῦρον
979 2529 1013 2594 οί
1033 2529 1112 2611 μετά

105 2636 220 2702 Θάσον
243 2636 413 2710 κτίσαντες
437 2635 498 2717 τήν
521 2643 626 2717 νήσου
648 2635 782 2718 ταύτην,
806 2635 876 2717 ήτις
899 2644 962 2699 νῦν
982 2632 1033 2699 ἐπί
1051 2641 1112 2698 τοῦ

105 2743 220 2808 Θάσου
247 2740 368 2804 τούτου
395 2749 456 2804 τοῦ
486 2742 642 2816 Φοίνικος
670 2741 707 2804 τὸ
736 2742 862 2824 ούνομα
885 2743 966 2824 ἔσχε.
1012 2735 1111 2802 τὰδὲ

105 2849 251 2933 μέταλλα
277 2847 317 2910 τά
351 2847 525 2911 Φοινικικὰ
552 2855 653 2910 ταῦτα
682 2844 749 2911 ἐστί
776 2856 833 2928 τής
856 2845 969 2909 Θάσου
991 2840 1112 2927 μεταξὺ

106 2956 268 3039 Αἰνύρων
289 2974 324 3016 τε
347 2953 457 3036 χώρου
480 2951 682 3035 καλεομένου
705 2950 760 3016 καί
783 2951 972 3034 Κοινύρων,
996 2949 1111 3012 ἀντίον

106 3058 142 3126 δὲ
153 3061 405 3143 Σαμοθρηίκης,
421 3059 498 3138 ὅρος
512 3057 594 3142 μέγα
610 3055 876 3141 ἀνεστραμμένον
891 3053 927 3118 ἐν
940 3063 979 3138 τη
991 3054 1110 3135 ζητήσι.

106 3175 204 3232 τοῦτο
229 3161 290 3248 μὲν
312 3165 377 3229 νύν
401 3163 469 3228 ἐστι
491 3172 639 3245 τοιοῦτο,
663 3163 698 3227 οἰ
714 3158 750 3225 δὲ
774 3161 891 3225 Θάσιοι
913 3167 957 3248 τῷ
982 3159 1112 3243 βασιλέι·
1128 3176 1163 3226 48

104 3272 298 3338 κελεύσαντι
319 3267 429 3334 καὶτὸ
448 3279 554 3352 τεῖχος
572 3269 608 3332 τὸ
628 3267 790 3352 σφέτερον
812 3271 963 3332 κατεῖλον
981 3265 1035 3332 καί
1053 3269 1110 3344 τὰς

103 3377 181 3454 νέας
204 3377 263 3451 τὰς
284 3375 390 3450 πάσας
413 3373 569 3457 ἐκόμισαν
593 3371 792 3456 ἐςἌβδηρα.

193 3481 290 3548 Μετά
314 3476 351 3545 δὲ
373 3487 471 3544 τοῦτο
494 3479 690 3564 ἀπεπειρᾶτο
715 3478 733 3544 ό
751 3483 895 3559 Δαρεῖος
916 3489 983 3543 τῶν
996 3475 1110 3560 Ἑλλή-
