2678 3970
177 210 240 274 196
583 205 770 262 ιιιιιοοονι

176 353 315 428 τούτους
341 349 396 416 καί
424 353 506 436 πρὸς
533 362 619 416 τοίσι
646 361 821 434 ποταμοῖσι
848 351 996 415 τούτοισι
1017 351 1078 433 τὴν
1101 354 1180 415 Βοι-

177 459 277 542 βηίδα
304 461 425 542 λίμνην
452 459 528 523 οὐτε
556 457 776 541 ὀνομάζεσθαι
802 457 885 520 κατά
911 478 972 541 περ
998 465 1063 521 νῦν
1090 454 1181 538 ῥέειν

176 589 212 629 τε
235 561 335 630 οὐδέν
358 559 463 647 ήσσον
485 564 506 648 ή
528 572 603 647 νῦν,
627 563 763 647 ῥέοντας
781 559 818 628 δέ
835 560 959 628 ποιέειν
976 563 1038 645 τήν
1056 567 1181 628 Θεσσα-

178 673 254 753 λίην
281 679 390 735 πᾶσαν
416 670 565 753 πέλαγος.
610 667 705 734 αὐτοὶ
733 666 794 752 μέν
815 693 880 734 νυν
908 672 1073 734 Θεσσαλοί
1097 685 1178 753 φασι

179 775 393 842 Ποσειδέωνα
419 786 554 860 ποιήσαι
579 777 640 840 τὸν
666 775 800 840 αὐλῶνα
827 771 871 840 δι’
905 769 946 839 οὐ
973 773 1040 860 ῥέει
1066 774 1084 840 ὁ
1110 779 1181 857 Πη-

178 886 277 966 νειός,
301 885 413 950 οίκότα
436 882 594 966 λέγοντες.
632 883 721 958 ὅστις
742 883 805 966 γάρ
823 883 947 964 νομίζει
966 880 1181 946 Ποσειδέωνα

178 991 239 1074 τήν
268 999 332 1073 γήυ
364 991 465 1054 σείειν
494 986 548 1053 καὶ
579 987 619 1052 τδι
651 989 825 1052 διεστεῶτα
856 987 921 1052 ὑπὸ
953 996 1090 1072 σεισμοῦ
1120 997 1182 1053 τοῦ

179 1103 265 1161 θεοῦ
287 1097 407 1161 τούτου
431 1098 511 1177 ἔργα
533 1089 629 1177 εἶναι,
652 1091 707 1159 καὶ
725 1092 767 1158 άν
785 1092 890 1158 ἐκεῖνο
910 1093 992 1158 ίδὼν
1010 1097 1092 1178 φαίη
1112 1099 1182 1158 Πο-

180 1201 341 1267 σειδέωνα
369 1210 517 1284 ποιήσαι·
554 1203 623 1264 ἐστι
649 1201 712 1284 γάρ
740 1209 878 1284 σεισμοῦ
900 1203 1014 1285 ἐργου,
1041 1200 1086 1276 ὡς
1108 1199 1182 1284 ἐμοὶ

181 1309 334 1393 ἐφαίνετο
358 1303 457 1390 εἶναι,
480 1306 501 1390 ή
526 1307 695 1382 διάστασις
715 1315 782 1371 τῶν
805 1305 920 1390 ὀρέων.

129 1427 179 1475 130
270 1415 314 1479 Οί
331 1411 367 1478 δέ
385 1415 619 1496 κατηγεόμενοι
637 1411 810 1497 εἰρομένου
824 1411 950 1498 Ξέρξεω
969 1413 1000 1477 εί
1016 1415 1085 1477 ἐστι
1098 1413 1181 1496 άλλη

181 1519 294 1598 ἔξοδος
321 1519 354 1596 ἐς
382 1519 556 1584 θάλασσαν
578 1527 624 1607 τῷ
647 1525 797 1604 Πηνειῷ,
825 1517 1068 1601 ἐξεπιστάμενοι
1090 1519 1182 1604 ἀτρε-

180 1625 262 1703 κέως
294 1620 402 1690 εἶπον·
433 1629 592 1708 Βασιλεῦ,
621 1633 755 1712 ποταμῷ
782 1625 888 1712 τούτῳ
917 1624 978 1690 οὐκ
1004 1627 1072 1689 ἐστι
1099 1625 1182 1708 άλλη

182 1732 332 1816 ἐξήλυσις
350 1731 384 1809 ἐς
402 1732 576 1796 θάλασσαν
593 1732 788 1814 κατήκουσα,
808 1725 879 1796 ἀλλ’
899 1731 959 1814 ήδε
973 1729 1067 1815 αὐτή·
1091 1733 1183 1816 ὄρεσι

182 1842 244 1926 γάρ
271 1839 570 1924 περιεστεφάνωται
596 1847 685 1902 πᾶσα
706 1840 879 1920 Θεσσαλίη.
920 1835 1047 1922 Ξέρξην
1068 1834 1105 1903 δέ
1131 1836 1184 1902 λέ-

182 1970 273 2030 γεται
296 1947 400 2010 είπείυ
422 1945 505 2030 πρὸς
522 1952 639 2008 ταῦτα·
662 1940 773 2026 Σοφοὶ
792 1943 910 2027 ἄνδρες
929 1940 992 2006 είσὶ
1010 1947 1183 2009 Θεσσαλοί.

182 2049 273 2118 ταῦτ’
296 2052 359 2136 άρα
377 2051 440 2135 πρὸ
459 2054 584 2114 πολλοῦ
607 2047 811 2133 ἐφυλάξαντο
830 2047 1111 2133 γνωσιμαχέοντες
1128 2049 1183 2115 καὶ

182 2153 284 2222 τάλλα
311 2155 366 2220 καὶ
389 2157 440 2221 ὅτι
462 2157 574 2240 χώρην
597 2155 659 2239 άρα
682 2149 772 2238 εἶχον
795 2153 964 2239 εὐαίρετόν
986 2177 1020 2219 τε
1047 2153 1102 2220 καὶ
1127 2181 1184 2221 τα·

183 2262 364 2346 χυάλωτον·
401 2263 460 2326 τὸν
491 2263 554 2344 γάρ
583 2261 730 2343 ποταμὸν
757 2268 889 2344 πρήγμα
916 2259 958 2325 διν
983 2256 1027 2343 ήν
1045 2270 1184 2344 4μοῦνον

183 2367 311 2432 ἐπεῖναί
327 2381 440 2449 σφεων
464 2363 516 2429 ἐπὶ
538 2366 598 2448 τήν
621 2366 742 2448 χώρην,
761 2366 885 2449 χώματι
903 2366 938 2431 ἐκ
955 2375 1016 2432 τοῦ
1034 2367 1185 2445 αὐλῶνος

184 2471 401 2556 ἐκβιβάσαντα
427 2468 483 2535 καὶ
509 2468 762 2554 παρατρέψαντα
788 2468 833 2535 δι’
860 2466 908 2537 ὧν
934 2481 999 2536 νῦν
1025 2472 1092 2553 ῥέει
1114 2471 1184 2558 <525-

183 2587 294 2665 θρων,
328 2577 411 2642 ὥστε
439 2579 623 2659 Θεσσαλίην
649 2584 759 2640 πᾶσαν
790 2575 851 2654 ἔξω
877 2587 945 2643 τῶν
973 2578 1078 2660 ὀρέων
1104 2578 1184 2644 ὑπό-

184 2690 290 2771 βρυχα
308 2681 474 2768 γενέσθαι.
505 2691 608 2746 ταῦτα
622 2676 659 2746 δὲ
673 2684 789 2765 έχοντα
803 2685 893 2766 ἐλεγε
907 2683 940 2759 ές
952 2686 1031 2760 τοὺς
1046 2681 1185 2750 Ἀλεύεω

184 2794 317 2874 παῖδας,
342 2791 392 2856 ὅτι
414 2800 538 2875 πρῶτοι
556 2784 723 2872 Ἑλλήνων
746 2787 856 2864 ἐόντες
878 2788 1041 2855 Θεσσαλοὶ
1063 2792 1185 2856 ἔδοσαν

185 2898 328 2975 ἑωυτοὺς
351 2893 493 2980 βασιλέϊ,
518 2893 642 2960 δοκέων
665 2893 683 2960 ὁ
707 2892 829 2979 Ξέρξης
851 2895 914 2960 άπὸ
936 2899 1059 2972 παντός
1081 2911 1184 2981 σφεας
1311 2875 1319 2887 ⁴

184 3013 244 3070 τοῦ
268 3007 385 3080 ἔθνεος
407 2999 665 3085 ἐπαγγέλλεσθαι
684 3003 808 3084 φιλίην.
846 3007 937 3078 είπας
956 2997 1112 3068 δὲταῦτα
1130 3000 1183 3068 καὶ

184 3109 392 3194 θεησάμενος
414 3107 551 3173 άπέπλεε
575 3107 607 3183 ές
629 3107 690 3190 τὴν
713 3104 854 3191 Θέρμην.

135 3231 183 3279 131
269 3210 304 3278 ‘O
327 3211 386 3298 μὲν
410 3215 451 3296 δὴ
473 3210 548 3296 περὶ
571 3215 711 3297 Πιερίην
740 3211 880 3297 διέτριβε
902 3209 1025 3297 ἡμέρας
1047 3215 1185 3298 συχνάς·

185 3322 222 3386 τὸ
250 3321 313 3405 γδιρ
342 3320 382 3401 δή
410 3321 487 3402 ὐρος
513 3320 550 3383 τὸ
573 3318 806 3383 Μακεδονικὸν
830 3321 933 3404 ἔκειρε
955 3328 1011 3402 τής
1034 3330 1185 3404 στρατιῆς
1235 3399 1238 3405 Δ

186 3427 389 3511 τριτημορίς,
426 3425 481 3489 ἵνα
512 3424 613 3509 ταύτη
647 3422 748 3507 διεξίη
785 3423 894 3488 ἅπασα
929 3423 950 3507 ή
982 3427 1116 3512 στρατιὴ
1153 3425 1185 3504 ἐς
