2640 3960
196 288 260 351 116
603 282 791 339 HERODOTI

194 429 381 512 Μιλτιάδης
416 429 506 512 ἥκων
542 427 578 493 ἐκ
608 437 666 512 τῆς
698 429 914 511 Χερσονήσου
950 423 1005 491 καί
1043 425 1200 509 ἐκπεφευ-

194 535 260 617 γὼς
279 536 417 599 διπλόον
439 534 589 599 θάνατον
607 534 799 619 ἐστρατήγεε
819 531 1016 616 Ἀθηναίων.
1054 532 1120 615 ἅμα
1139 528 1201 615 μὲν

195 641 257 723 γάρ
295 641 329 704 οί
360 642 513 716 Φοίνικες
548 639 650 704 αὐτὸν
683 639 718 703 οί
748 637 978 716 ἐπιδιώξαντες
1009 637 1104 722 μέχρι
1131 636 1202 722 Ἵμ-

196 749 280 832 βρου
307 743 382 830 περὶ
404 750 530 810 πολλοῦ
553 745 722 810 ἐποιεῦντο
746 747 860 828 λαβεῖν
882 766 917 808 τε
944 742 997 808 καὶ
1023 743 1203 826 ἀναγαγεῖν

195 852 283 936 παρά
315 847 465 934 βασιλέα·
509 850 575 933 ἅμα
612 845 649 914 δέ
685 848 872 933 ἐκφυγόντα
903 871 938 912 τε
973 849 1113 925 τούτους
1148 845 1203 912 καίΙ

196 956 395 1041 ἀπικόμενον
419 956 452 1032 ἐς
474 956 535 1038 τὴν
563 953 688 1020 ἑωυτοῦ
717 953 875 1019 δοκέοντά
902 976 937 1018 τε
967 948 1053 1018 εἶναι
1080 953 1117 1018 ἐν
1139 970 1204 1018 σω·
1317 948 1320 955 ’

194 1066 291 1148 τηρίη
319 1064 399 1146 ἤδη,
429 1063 466 1125 τὸ
495 1059 653 1126 ἐνθεῦτέν
680 1083 737 1144 μιν
766 1059 801 1124 οί
827 1056 942 1143 ἐχθροὶ
965 1058 1203 1142 ὑποδεξάμενοι

195 1166 249 1233 καί
276 1167 340 1233 ὑπὸ
369 1167 581 1251 δικαστήριον
610 1164 748 1246 [αὐτὸν]
773 1164 950 1248 ἀγαγόντες
982 1163 1121 1242 ἐδίωξαν
1147 1187 1204 1229 τυ-

197 1274 354 1359 ραννίδος
379 1281 436 1354 τῆς
463 1270 500 1336 έν
522 1273 732 1357 Χερσονήσῳ.
778 1269 962 1353 ἀποφυγὼν
992 1266 1029 1336 δὲ
1050 1268 1106 1334 καὶ
1127 1271 1203 1335 τού-

196 1401 274 1455 τους
306 1377 486 1463 στρατηγὸς
518 1377 603 1442 οὕτω
631 1372 820 1458 Ἀθηναίων
847 1373 1028 1459 ἀπεδέχθη,
1057 1373 1204 1459 αἱρεθεὶς

197 1485 261 1550 ὑπὸ
284 1493 344 1549 τού
368 1483 482 1566 δήμου.
1118 1511 1120 1516 v

147 1607 196 1656 105
285 1586 352 1653 Καὶ
374 1599 486 1674 πρῶτα
514 1584 574 1672 μὲν
602 1586 711 1662 ἐόντες
738 1589 785 1650 ἔτι
809 1585 846 1652 ἐν
867 1595 912 1674 τῷ
937 1587 1030 1651 ἀστεῖ
1050 1587 1086 1651 οί
1105 1605 1203 1672 στρα-

197 1692 292 1778 τηγοὶ
319 1693 548 1778 ἀποπέμπουσι
575 1691 608 1769 ἐς
631 1693 790 1777 Σπάρτην
817 1695 943 1777 κήρυκα
969 1693 1203 1776 Φειδιππίδην,

119 1855 123 1863 .
195 1798 375 1885 Ἀδηναῖον
403 1797 463 1884 μὲν
491 1801 612 1885 ἀνδρα,
642 1801 748 1876 άλλως
777 1795 814 1863 δὲ
836 1798 1068 1884 ημεροδρόμον
1090 1822 1125 1864 τε
1147 1797 1202 1864 καὶ

197 1917 296 1973 τοῦτο
320 1912 516 1991 μελετῶντα·
547 1913 593 1993 τῷ
623 1906 678 1987 δή,
703 1905 747 1980 ὡς
776 1903 874 1980 αὐτός
896 1927 931 1970 τε
954 1907 1044 1988 ἐλεγε
1069 1906 1201 1970 Φειδιπ·
1316 1944 1319 1961 ι

199 2015 296 2097 πίδης
322 2009 376 2078 καὶ
397 2009 604 2094 Ἀθηναίοισι
631 2010 826 2092 ἀπάγγελλε,
850 2006 925 2093 περὶ
946 2011 984 2075 τὸ
1007 2009 1202 2095 Παρθένιον

200 2121 277 2202 ὅρος
298 2118 335 2183 τὸ
359 2113 441 2202 ὑπὲρ
468 2115 588 2200 Τεγέης
611 2115 629 2180 δ
654 2116 730 2180 Πάν
752 2117 945 2200 περιπίπτει.
991 2117 1144 2198 βώσαντα
1168 2112 1205 2182 δὲ

182 2226 236 2288 τὸ
269 2223 395 2306 ούνομα
431 2231 491 2286 τοῦ
524 2222 747 2286 Φειδιππίδεω
778 2221 838 2284 τὸν
866 2225 964 2284 Πᾶνα
996 2217 1206 2305 Ἀθηναίοισι

198 2332 350 2392 κελεῦσαι
378 2326 584 2407 ἀπαγγεῖλαι,
614 2322 657 2389 δι’
689 2325 707 2391 ὅ
734 2348 766 2389 τι
794 2323 919 2390 ἑωυτοῦ
947 2325 1107 2409 οὐδεμίαν
1135 2327 1204 2392 ἐπι-

201 2434 333 2516 μελείην
355 2439 535 2512 ποιεῦνται,
560 2430 672 2506 ἐόντος
692 2430 812 2494 εὐνόου
827 2427 1035 2512 Ἀθηναίοισι
1053 2429 1108 2496 καί
1127 2439 1205 2499 πολ-

201 2542 282 2620 λαχῇ
305 2532 487 2618 γενομένου
511 2550 572 2618 σφι
594 2535 657 2618 ἤδη
680 2538 853 2619 χρησίμου,
876 2536 916 2599 τά
939 2535 975 2600 δ’
994 2538 1042 2600 ἔτι
1060 2535 1115 2602 καί
1134 2539 1192 2606 ε’σο

202 2641 313 2726 μένου.
352 2637 531 2704 καὶταῦτα
554 2634 614 2723 μὲν
635 2636 807 2722 Ἀθηναῖοι
828 2640 1060 2722 καταστάντων
1084 2659 1145 2727 σφι
1168 2640 1207 2711 εὖ

201 2749 264 2832 ἥδη
287 2757 354 2812 τῶν
376 2745 586 2830 πρηγμάτων,
609 2746 841 2822 πιστεύσαντες
864 2740 949 2810 εἶναι
967 2747 1095 2830 ἀληθέα
1114 2751 1206 2834 ίδρύ-

203 2872 303 2918 σαντο
330 2851 395 2917 ὑπὸ
422 2859 461 2935 τῇ
489 2849 647 2935 ἀκροπόλι
670 2851 784 2927 Πανὸς
812 2851 900 2935 ίρόν,
930 2850 985 2916 καὶ
1012 2854 1115 2920 αὐτὸν
1142 2856 1206 2921 ἀπὸ

202 2962 321 3044 ταύτης
347 2966 404 3040 της
431 2957 583 3040 ἀγγελίης
609 2961 748 3042 δυσίησι
776 2957 957 3022 ἐπετείουσι
983 2956 1038 3024 καὶ
1061 2962 1207 3044 λαμπάδι
1317 2958 1319 2961 ’

152 3083 201 3131 106
212 3067 409 3131 ίλάσκονται.
454 3065 527 3128 τότε
551 3059 587 3128 δὲ
609 3061 773 3147 πεμφθεὶς
794 3061 858 3126 ὑπὸ
881 3072 948 3126 τῶν
971 3077 1163 3150 στρατηγῶν
1186 3069 1205 3134 ὁ

205 3171 422 3252 Φειδιππίδης
453 3164 565 3250 οὗτος,
598 3168 651 3234 ὅτε
682 3167 742 3253 πέρ
776 3168 811 3232 οί
839 3170 902 3251 έφη
935 3167 990 3233 καὶ
1017 3171 1076 3236 τὸν
1107 3177 1207 3239 Πᾶνα

204 3284 363 3360 φανῆναι,
392 3275 580 3359 δευτεραῖος
607 3273 642 3338 ἐκ
668 3281 728 3338 τοῦ
748 3269 934 3356 Ἀθηναίων
962 3276 1076 3353 άστεος
1097 3273 1141 3360 ἦν
1168 3279 1206 3344 ἐν

203 3379 355 3464 Σπάρτη,
383 3378 580 3464 ἀπικόμενος
607 3375 643 3442 δὲ
670 3375 722 3443 ἐπὶ
748 3380 826 3454 τοὺς
853 3379 1013 3463 ἄρχοντας
1036 3385 1140 3466 ἔλεγε·
1167 3376 1207 3450 Ὦ

144 3495 147 3504 ⁴
205 3486 475 3568 Λακεδαιμόνιοι,
500 3478 672 3566 Ἀθηναῖοι
702 3481 813 3566 ὑμέων
841 3484 973 3550 δέονται
1004 3490 1100 3570 σφίσι
1126 3492 1207 3574 βοη·
