2632 3970
205 247 270 311 340
613 243 799 308 HERODOTI

204 388 316 463 Σάκας
343 385 447 471 ἰταξε,
480 390 515 454 οδ
538 387 677 472 ἐπέσχον
700 381 943 473 Ἀμπρακιότας
962 408 999 450 τε
1028 381 1084 450 καί
1109 381 1203 448 Ἀνα-

204 494 356 577 κτορίους
381 490 436 558 καὶ
463 494 669 569 Λευκαδίους
695 490 749 557 καί
777 491 907 568 Παλέας
933 488 987 556 καὶ
1014 491 1204 572 Αἰγινήτας.

204 595 343 662 Σακέων
370 594 407 663 δέ
434 596 609 682 ἐχομένους
636 595 726 675 ἔταξε
753 596 848 662 ἀντία
871 593 1059 680 Ἀθηναίων
1084 617 1120 660 τε
1149 593 1205 660 καὶ

204 702 398 769 Πλαταιέων
425 702 479 770 καὶ
506 701 691 787 Μεγαρέων
717 704 886 779 Βοιωτούς
907 725 941 767 τε
968 699 1022 767 καί
1051 703 1206 786 Λοκροὺς

204 805 259 873 καὶ
277 808 426 892 Μηλιέας
446 807 500 874 καὶ
525 811 713 884 Θεσσαλοὺς
734 807 790 873 καί
811 806 955 874 Φωκέων
973 809 1052 884 τοὺς
1069 809 1204 891 χιλίους.

206 911 246 977 οὐ
273 915 336 999 γάρ
364 909 411 979 ὧν
438 914 578 991 ἅπαντες
601 915 636 978 οί
658 912 786 990 Φωκέες
812 913 986 998 ἐμήδισαν,
1014 911 1097 978 ἀλλά
1118 934 1206 988 τινες

205 1018 316 1084 αὐτῶν
342 1016 397 1083 καὶ
422 1021 463 1084 τά
485 1016 653 1103 Ἑλλήνων
682 1014 785 1102 ηὖξον
813 1017 888 1105 περί
914 1020 973 1083 τὸν
1001 1019 1205 1102 Παρνησσὸν

204 1122 445 1208 κατειλημένοι,
471 1122 527 1190 καί
554 1124 713 1190 ἐνθεῦτεν
736 1123 922 1209 ὁρμώμενοι
945 1125 1066 1208 ἔφερόν
1087 1146 1124 1188 τε
1150 1122 1206 1188 καὶ

205 1223 289 1312 ήγον
310 1232 372 1313 τήν
389 1252 424 1295 τε
441 1231 641 1316 Μαρδονίου
664 1231 820 1315 στρατιὴν
842 1227 896 1294 καὶ
913 1231 993 1306 τοὺς
1010 1226 1078 1313 μετ’
1100 1228 1206 1296 αὐτοῦ

205 1333 320 1411 ἐόντας
337 1332 512 1419 Ἑλλήνων.
548 1334 638 1414 ἔταξε
661 1332 697 1400 δὲ
714 1333 769 1399 καί
787 1336 985 1412 Μακεδόνας
1002 1332 1109 1400 τεκαὶ
1126 1338 1206 1412 τοὺς

155 1462 190 1528 ³2.
207 1437 282 1526 περὶ
293 1443 479 1525 Θεσσαλίην
488 1441 682 1526 οἰκημένους
695 1441 777 1507 κατὰ
785 1442 863 1516 τοὺς
874 1434 1080 1523 Ἀθηναίους.
1102 1450 1206 1506 ταῦτα

205 1543 266 1630 μὲν
287 1556 354 1610 τῶν
377 1545 506 1612 έθνέων
523 1547 563 1610 τά
581 1545 716 1628 μέγιστα
735 1545 923 1629 ὠνόμασται
939 1556 1006 1610 τῶν
1024 1544 1089 1611 ὑπὸ
1107 1550 1205 1632 Μαρ-

206 1652 322 1716 δονίου
351 1649 559 1736 ταχθέντων,
588 1651 629 1715 τά
659 1672 720 1734 περ
748 1649 987 1735 ἐπιφανέστατά
1013 1675 1048 1717 τε
1079 1646 1122 1734 ήν
1149 1651 1205 1718 καί

205 1760 308 1840 λόγου
329 1760 493 1822 πλείστου.
532 1757 654 1841 ένήσαν
674 1753 710 1821 δέ
732 1754 787 1821 καὶ
807 1757 917 1821 ἀλλων
939 1755 1068 1822 ἐθνέων
1085 1758 1206 1844 ἀνδρες

206 1862 478 1948 ἀναμεμιγμένοι,
508 1868 651 1949 Φρυγῶν
677 1885 712 1927 τε
738 1861 794 1927 καὶ
816 1866 946 1928 Μυσῶν
972 1861 1028 1929 καὶ
1051 1867 1205 1949 Θρηίκων

204 1991 240 2034 τε
261 1966 316 2034 καί
338 1972 497 2035 Παιόνων
519 1966 574 2034 καί
596 1978 663 2033 τῶν
686 1969 810 2050 ἀλλων,
834 1967 870 2033 έν
894 1959 1008 2034 δὲκαὶ
1028 1970 1205 2034 Αἰθιόπων

204 2098 240 2140 τε
261 2072 316 2140 καὶ
334 2076 527 2157 Αἰγυπτίων
551 2074 586 2141 οἳ
599 2096 635 2138 τε
658 2073 866 2157 Ἑρμοτύβιες
883 2070 938 2137 καὶ
957 2073 992 2138 οἰ
1007 2076 1206 2161 Καλασίριες

206 2183 398 2265 καλεόμενοι
412 2181 666 2265 μαχαιροφόροι,
681 2178 717 2242 οἳ
726 2199 787 2263 περ
801 2175 865 2242 εἰσί
879 2179 1071 2260 Αἰγυπτίων
1085 2189 1206 2264 μοῦνοι

206 2285 348 2369 μάχιμοι.
383 2287 521 2362 τούτους
540 2281 577 2350 δέ
595 2287 643 2348 ἔτι
661 2283 698 2348 έν
714 2286 855 2370 Φαλήρῳ
874 2283 938 2348 έὼν
956 2283 1019 2348 ἀπὸ
1033 2295 1099 2350 τῶν
1117 2297 1206 2352 νεῶν

207 2388 442 2472 ἀπεβιβάσατο,
470 2389 585 2464 ἐόντας
612 2389 777 2472 ἐπιβάτας·
809 2389 851 2453 οὐ
876 2389 940 2473 γὰρ
963 2388 1150 2474 ἐτάχθησαν
1173 2393 1207 2470 ές

205 2495 264 2559 τὸν
282 2495 379 2572 πεζὸν
397 2495 456 2558 τὸν
475 2495 541 2578 ἅμα
556 2493 660 2580 Ξέρξη
680 2494 880 2578 ἀπικόμενον
895 2493 932 2572 Ιές
945 2492 1088 2580 Ἀθήνας
1101 2499 1206 2581 Αἰγό-

205 2621 303 2665 πτιοι.
338 2610 405 2664 τῶν
423 2596 484 2684 μέν
503 2601 543 2682 δή
558 2599 735 2683 βαρβάρων
748 2595 835 2682 ήσαν
848 2604 1023 2686 τριήκοντα
1037 2603 1206 2687 μυριάδες,

207 2707 251 2784 ὡς
268 2703 322 2772 καί
337 2708 499 2792 πρότερον
514 2706 708 2788 δεδήλωται·
724 2715 791 2770 τῶν
806 2702 1019 2789 δὲἙλλήνων
1031 2718 1099 2772 τῶν
1108 2713 1207 2796 Μαρ-
1298 2767 1299 2790 ff

207 2814 324 2878 δονίου
346 2811 525 2896 συμμάχων
544 2806 614 2876 οἰδε
632 2807 692 2894 μέν
712 2808 820 2887 οὐδεὶς
838 2810 984 2897 ἀριθμόν
1002 2811 1139 2899 (οὐγὰρ
1157 2812 1207 2881 ὦν

206 2917 474 3004 ἠριθμήθησαν),
507 2917 551 2994 ὡς
579 2912 615 2981 δέ
642 2915 828 2997 ἀπεικάσαι,
861 2915 894 2992 ές
919 2915 1016 2982 πέντε
1042 2921 1208 3005 μυριάδας

207 3028 404 3106 συλλεγῆναι
422 3023 545 3102 εἰκάζω.
578 3016 671 3086 οὗτοι
684 3020 720 3086 οἰ
730 3019 993 3106 παραταχθέντες
1004 3021 1095 3102 πεζοὶ
1108 3020 1207 3111 ἦσαν,

207 3127 227 3210 ή
251 3125 288 3194 δέ
309 3122 407 3205 ἵππος
428 3125 529 3213 χωρὶς
551 3125 707 3192 ἐτέτακτο.

155 3251 189 3299 33
289 3229 345 3311 Ὡς
367 3230 405 3298 δὲ
427 3234 490 3319 ἀρα
507 3232 626 3308 πάντες
644 3232 679 3296 οἰ
694 3231 862 3316 ἐτετάχατο
880 3233 961 3298 κατά
977 3255 1013 3299 τε
1031 3237 1134 3303 έθνεα
1150 3238 1208 3304 καὶ

207 3339 287 3401 κατὰ
313 3337 421 3421 τέλεα,
448 3338 595 3403 ἐνθαῦτα
621 3345 660 3421 τῇ
688 3335 823 3422 δευτέρη
851 3337 953 3425 ήμέρη
980 3339 1123 3408 ἐθύοντο
1150 3343 1207 3410 καί

208 3441 395 3528 ἀμφότεροι.
436 3439 572 3526 Ἕλλησι
607 3439 668 3527 μέν
703 3444 883 3528 Τισαμενὸς
910 3440 1079 3530 Ἀντιόχου
1112 3443 1156 3532 ήν
1188 3450 1206 3516 ὁ
