2632 3970
437 243 502 298 ΜΒ.
517 243 562 298 IX.
599 245 816 301 cmm-61.
1062 249 1126 314 355

122 388 186 469 γάρ
218 383 447 471 τραπομένους
483 387 516 464 ἐς
546 388 583 453 τὸ
615 390 732 462 πεδίον
759 388 822 454 ὑπὸ
850 402 917 456 τῶν
944 394 1058 477 όχθων
1085 391 1126 457 οὐ

122 491 262 575 κατώρα.
300 491 433 578 Πέρσας
452 475 493 558 ’δὲ
511 492 654 577 ὁρῶντες
672 491 878 578 ὁρμημένους
896 497 1029 563 διώκειν
1047 499 1127 574 τοὺς

123 594 286 680 Ἕλληνας
313 599 349 662 οί
372 597 483 664 λοιποὶ
505 609 572 664 τῶν
595 601 807 683 βαρβαρικῶν
828 598 948 664 τελέων
971 603 1126 686 άρχοντες

125 702 241 768 αὐτίκα
258 704 378 782 πάντες
395 705 511 788 ήειραν
529 704 569 769 τά
588 707 709 789 σημήια
727 702 782 769 καλ
800 705 939 770 ἐδίωκον
958 707 1002 782 ὡς
1012 709 1124 774 ποδῶν

122 805 259 886 ἕκαστος
286 804 393 893 εἶχον,
422 809 499 875 ούτε
525 811 637 896 κόσμῳ
665 807 780 875 ούδενὶ
805 810 1028 894 κοσμηθέντες
1051 813 1125 878 οὔτε

121 911 202 992 τάξι.
247 912 303 979 καὶ
335 910 428 980 οὑτοι
460 911 521 999 μέν
552 918 615 1000 βοή
641 937 677 980 τε
704 912 758 980 καὶ
786 915 889 1003 ὁμίλῳ
917 915 1055 999 ἐπήισαν
1082 917 1126 994 ὡς

121 1018 390 1105 ἀναρπασόμενοι
407 1018 669 1103 τοὺςἛλληνας·
688 1022 882 1102 Παυσανίης
901 1021 948 1104 δέ,
967 1022 1011 1098 ὡς
1024 1038 1124 1106 προσ·
1143 1049 1178 1099 60

122 1122 226 1190 έκειτο
252 1125 274 1208 ἡ
297 1125 410 1209 ἵππος,
437 1125 567 1210 πέμψας
592 1126 675 1211 πρὸς
699 1127 779 1201 τοὺς
802 1119 1001 1208 Ἀθηναίους
1028 1126 1125 1192 ἱππέα

121 1229 209 1314 λέγει
231 1231 323 1295 τάδε·
348 1229 488 1316 ’Ἄνδρες
507 1227 695 1314 Ἀθηναῖοι,
719 1230 847 1315 ἀγῶνος
869 1234 1024 1315 μεγίστου
1046 1253 1126 1317 προ-

120 1333 276 1420 κειμένου
294 1335 476 1421 ἐλευθέρην
495 1330 580 1401 εἶναι
598 1335 618 1420 ἡ
636 1335 891 1421 δεδουλωμένην
904 1338 964 1420 τήν
974 1333 1124 1421 Ἑλλάδα,

120 1442 354 1526 προδεδόμεθα
375 1442 440 1508 ὑπὸ
463 1453 530 1507 τῶν
553 1442 733 1527 συμμάχων
751 1441 843 1526 ἡμεῖς
860 1465 895 1506 τε
914 1443 950 1506 οἱ
964 1443 1125 1507 Λακεδαι-

120 1548 232 1630 μόνιοι
258 1545 313 1612 καὶ
340 1546 433 1631 ὑμεῖς
460 1547 496 1612 οἱ
517 1545 689 1631 Ἀθηναῖοι
711 1547 776 1612 ὑπὸ
798 1549 859 1631 τὴν
881 1546 1125 1632 παροιχομένην

120 1653 225 1718 νύκτα
253 1652 471 1736 διαδράντων.
516 1661 581 1718 νῦν
606 1648 653 1718 ὧν
677 1651 825 1719 δέδεκται
846 1654 884 1718 τὸ
908 1652 1065 1718 ἐνθεῦτεν
1087 1655 1124 1719 τὸ

119 1756 277 1841 ποιητέον
299 1756 391 1841 ἡμῖν·
415 1756 643 1842 ἀμυνομένους
664 1760 727 1844 γάρ
750 1767 789 1843 τῇ
813 1757 986 1842 δυναίμεθα
1009 1759 1125 1843 άριστα

120 1863 345 1948 περιστέλλειν
373 1862 542 1946 ἀλλήλους.
588 1865 619 1928 εί
643 1862 705 1947 μέν
727 1887 792 1928 νυν
815 1863 848 1939 ές
870 1862 972 1947 ὑμέας
994 1865 1124 1950 ὥρμησε

121 1969 226 2053 άρχὴν
248 1968 270 2052 ἡ
293 1969 401 2050 ἵππος,
423 1976 506 2054 χρήν
525 1967 566 2050 δή
585 1966 686 2052 ἡμέας
703 1990 738 2033 τε
756 1965 810 2032 καὶ
828 1969 907 2043 τοὺς
924 1966 992 2051 μετ’
1014 1969 1125 2053 ἡμέων

120 2075 182 2158 τήν
200 2069 341 2138 Ἑλλάδα
364 2072 406 2138 οὐ
427 2074 649 2158 προδιδόντας
670 2074 830 2156 Τεγεήτας
851 2073 1009 2157 βοηθέειν
1031 2075 1124 2159 ὑμῖν·

120 2187 186 2244 νῦν
214 2178 267 2262 δέ,
295 2179 328 2256 ἐς
349 2177 451 2263 ἡμέας
477 2179 540 2263 γάρ
567 2178 677 2242 δίπασα
700 2179 878 2264 κεχώρηκε,
907 2180 1033 2244 δίκαιοί
1053 2179 1125 2246 ἐστε

121 2284 215 2369 ὑμεῖς
237 2285 319 2370 πρὸς
340 2284 402 2367 τὴν
424 2280 618 2368 πιεζομένην
639 2283 778 2368 μάλιστα
796 2293 863 2348 τῖεν
881 2283 1025 2370 μοιρέων
1043 2285 1124 2371 άμυ-

120 2389 252 2467 νέοντες
280 2391 374 2456 ίέναι.
418 2392 450 2455 εί
475 2385 506 2454 δ’
532 2391 597 2476 δρα
619 2390 741 2467 αὐτοὺς
761 2389 863 2474 ὑμέας
884 2392 1124 2476 καταλελάβηκε

121 2495 288 2561 ἀδύνατόν
314 2519 346 2561 τι
377 2493 550 2580 βοηθέειν,
581 2495 674 2581 ὑμεῖς
706 2493 737 2560 δ’
772 2494 851 2580 ἡμῖν
881 2499 960 2574 τοὺς
990 2498 1124 2578 τοξότας

121 2599 371 2687 ἀποπέμψαντες
392 2602 489 2687 χάριν
510 2599 627 2667 θέσθε.
672 2603 874 2686 συνοίδαμεν
897 2598 934 2668 δέ
956 2603 1036 2687 ὑμῖν
1058 2603 1122 2669 ὑπὸ

119 2709 180 2774 τὸν
206 2709 370 2793 παρεόντα
395 2709 493 2773 τόνδε
519 2709 664 2792 πόλεμον
689 2707 782 2771 έοῦσι
804 2708 929 2772 πολλὸν
951 2714 1123 2793 προθυμο-

119 2812 262 2897 τάτοισι,
290 2814 372 2878 ὥστε
403 2811 459 2880 καὶ
484 2821 586 2877 ταῦτα
616 2812 796 2878 ἐσακούειν.
841 2821 943 2878 ταῦτα
971 2815 1006 2877 οί
1026 2811 1123 2900 Ἀθη-
1141 2837 1174 2886 ει

120 2930 211 2986 ναῖοι
233 2920 278 2997 ὡς
299 2919 478 3001 ἐπύθοντο,
502 2917 642 3002 ὁρμέατο
665 2917 824 3001 βοηθέειν
845 2914 900 2982 καὶ
922 2918 962 2982 τά
984 2919 1123 3001 μάλιστα

121 3026 314 3111 ἐπαμύνειν·
336 3026 396 3090 καί
410 3040 472 3108 σφι
493 3024 557 3106 ήδη
581 3025 747 3107 στείχουσι
765 3021 966 3088 ἐπιτίθενται
984 3024 1020 3088 οί
1035 3023 1123 3090 άντι-

119 3130 298 3217 ταχθέντες
322 3126 491 3214 Ἑλλήνων
526 3138 593 3193 τῶν
624 3129 704 3213 μετὰ
735 3128 887 3211 βασιλέος
922 3127 1122 3215 γενομένων,

121 3239 205 3302 ὥστε
226 3235 340 3323 μηκέτι
359 3237 526 3302 δύνασθαι
544 3236 725 3318 βοηθῆσαι·
747 3234 785 3298 τὸ
803 3234 866 3318 γάρ
884 3237 1122 3320 προσκείμενόν

121 3359 225 3427 σφεας
252 3342 375 3408 ἐλύπεε.
420 3340 508 3407 οὑτω
538 3340 579 3424 δὴ
607 3337 838 3426 μουνωθέντες
864 3339 1122 3425 Λακεδαιμόνιοι

120 3446 176 3515 καὶ
211 3451 379 3532 Τεγεῆται,
416 3447 525 3524 ἐόντες
561 3448 625 3512 σύν
656 3451 782 3525 ψιλοῖσι
818 3445 965 3583 ἀριθμὸν
996 3446 1041 3524 οῖ’Ι
1060 3443 1121 3532 μέν

856 3555 889 3605 2³
