2640 3960
364 269 491 324 LIB.V1.
528 270 778 327 GAR135-138.
1016 273 1078 338 133

78 411 157 486 τοὺς
178 406 383 494 Ἀθηναίους.
425 413 469 490 ὡς
492 410 528 478 δέ
552 413 646 479 αὐτοὶ
665 411 839 498 Ἀθηναῖοι
862 415 1006 502 λέγουσι,
1030 421 1078 484 δι-

79 519 179 593 καίως
206 515 360 594 ἐξελάσαι.
405 518 661 603 κατοικημένους
692 521 754 606 γάρ
781 523 859 599 τοὺς
886 527 1079 608 Πελασγοὺς

78 624 143 688 ὑπὸ
171 630 217 710 τῷ
236 620 384 712 Ὑμησσῷ
409 624 565 690 ἐνθεῦτεν
586 624 800 711 Ιὁρμωμένους
822 627 965 695 ἀδικέειν
986 631 1078 695 τάδε·

80 739 201 816 φοιτᾶν
222 729 286 815 γάρ
310 729 373 795 αίεὶ
395 731 453 808 τᾶς
475 729 634 817 σφετέρας
656 732 841 820 θυγατέρας
865 736 913 820 [τε
930 733 985 800 καὶ
1002 738 1080 812 τοὺς

78 838 212 916 παῖδας]
250 833 299 900 ἐπ’
334 836 426 922 ὕδωρ
459 834 512 902 ἐπὶ
542 839 603 920 τὴν
632 831 904 924 Ἐννεάκρουνον·
945 841 985 906 οὐ
1016 843 1079 924 γὰρ

80 939 167 1008 εἶναι
184 949 305 1007 τοῦτον
327 944 386 1009 τὸν
408 944 532 1027 χρόνον
555 945 650 1028 σφίσι
672 968 718 1009 κω
742 942 822 1010 οὐδὲ
843 957 930 1012 τοῖσι
952 947 1080 1010 ἀλλοισι

82 1047 218 1132 Ἕλλησι
240 1047 380 1125 οἰκέτας·
412 1050 495 1126 ὅκως
518 1045 556 1114 δέ
579 1053 711 1115 ἔλθοιεν
734 1044 845 1135 αὗται,
873 1053 951 1128 τοὺς
973 1056 1080 1116 Πελα-

81 1158 183 1239 σγοὺς
214 1153 278 1220 ὑπὸ
309 1154 426 1238 ὕβριός
451 1179 486 1220 τε
517 1152 572 1220 καὶ
599 1156 773 1242 ὀλιγωρίης
800 1161 938 1241 βιᾶσθαι
969 1157 1079 1242 σφέας.

78 1261 134 1329 καὶ
154 1269 257 1326 ταῦτα
275 1259 389 1346 μέντοι
408 1277 468 1345 σφι
488 1261 548 1327 οὐκ
566 1261 713 1347 ἀποχρᾶν
732 1263 866 1348 ποιέειν,
889 1264 971 1330 ἀλλά
987 1263 1080 1340 τέλος

79 1365 134 1434 καὶ
167 1366 440 1450 ἐπιβουλεύοντας
472 1366 689 1451 ἐπιχειρήσειν
720 1379 866 1454 φανῆναι
897 1367 946 1436 ἐπ’
984 1371 1080 1436 αὐτο-

79 1475 192 1562 φάρςο.
229 1471 373 1548 ἑωυτοὺς
396 1467 433 1537 δέ
454 1471 613 1554 γενέσθαι
635 1475 780 1563 τοσούτω
804 1475 938 1541 ἐκείνων
956 1477 1080 1565 ἀνδρας

79 1583 271 1666 ἀμείνονας,
301 1581 368 1668 ὅσῳ
397 1579 521 1664 παρεὸν
548 1579 678 1644 αὐτοῖσι
705 1580 893 1647 ἀποκτείναι
914 1584 992 1660 τοὺς
1015 1587 1080 1648 Πε·

77 1687 232 1772 λασγοός,
257 1684 329 1750 ἐπεί
349 1700 452 1767 σφεας
475 1686 594 1765 ἔλαβον
618 1685 901 1767 ἐπιβουλεύοντας,
925 1688 986 1754 οὐκ
1007 1688 1080 1754 ἐθε·

76 1799 190 1877 λῆσαι,
220 1791 303 1856 ἀλλά
332 1806 393 1874 σφι
415 1799 585 1876 προειπεῖν
613 1791 648 1857 ἐκ
670 1801 727 1876 τῆς
748 1801 807 1876 γῆς
830 1791 958 1871 ἐξιέναι.
1002 1796 1080 1870 τοὺς

77 1898 115 1965 δέ
148 1899 235 1965 οὕτω
264 1897 305 1980 δὴ
334 1896 581 1981 ἐκχωρήσαντας
608 1897 690 1963 άλλα
716 1921 751 1962 τε
778 1908 869 1982 σχεῖν
895 1901 999 1985 χωρία
1025 1897 1080 1965 καλ

77 2007 120 2088 δὴ
143 2003 199 2070 καὶ
221 2007 370 2088 Λῆμνον.
407 2001 515 2068 ἐκεῖνα
538 1999 599 2087 μέν
618 2004 658 2086 δὴ
673 2000 841 2080 Ἑκαταῖος
859 2003 955 2087 ἔλεξε,
978 2013 1080 2070 ταᾶτα

76 2108 114 2176 δέ
135 2108 308 2194 Ἀθηναῖοι
331 2107 475 2192 λέγουσι.
513 2110 548 2174 oc
568 2105 605 2175 δέ
629 2107 796 2192 Πελασγοὶ
819 2103 912 2174 οὗτοι
934 2114 1072 2195 Λῆμνον
1081 2129 1131 2180 138

76 2221 152 2284 τότε
174 2219 350 2302 νεμόμενοι
371 2211 426 2280 καλ
448 2217 647 2300 βουλόμενοι
668 2217 746 2292 τοὺς
765 2209 963 2298 Ἀθηναίους
981 2238 1079 2302 τιμω-

78 2327 262 2421 ρήσασθαι,
290 2316 385 2387 εὖτε
413 2319 655 2406 ἐξεπιστάμενοι
681 2322 738 2398 τᾶς
761 2318 948 2405 Ἀθηναίων
971 2321 1078 2409 ὁρτάς,

76 2428 356 2514 πεντηκοντέρους
369 2428 567 2512 κτησάμενοι
581 2427 742 2512 ἐλόχησαν
753 2423 916 2514 Ἀρτέμιδι
925 2428 961 2494 ἐν
970 2433 1079 2516 Βραυ-

77 2547 161 2621 ρῶνι
184 2534 328 2620 ἀγούσας
350 2531 452 2618 ὁρτὴν
474 2533 532 2610 τάς
549 2543 616 2596 τῶν
631 2527 818 2616 Ἀθηναίων
835 2545 1003 2619 γυναῖκας,
1027 2536 1078 2601 ἐν·

73 2647 199 2707 θεῦτεν
231 2635 268 2704 δέ
300 2637 504 2724 ἁρπάσαντες
534 2639 662 2703 τούτων
689 2639 811 2715 πολλὰς
842 2645 972 2724 οίχοντο
999 2640 1079 2707 ἀπο-

76 2745 232 2823 πλέοντες
263 2747 321 2810 καί
349 2759 452 2828 σφεας
483 2743 516 2821 ἐς
542 2748 681 2829 Λῆμνον
710 2743 887 2828 ἀγαγόντες
913 2747 1079 2823 παλλακάς

74 2847 174 2936 εἶχον.
220 2849 265 2926 ὡς
292 2845 329 2915 δέ
357 2848 484 2915 τέκνων
512 2843 608 2914 αὗται
635 2849 672 2914 αί
690 2860 844 2932 γυναῖκες
866 2849 1078 2934 ὑπεπλήσθη-

76 2973 156 3040 σαν,
179 2957 334 3040 γλῶσσάν
351 2979 386 3022 τε
408 2955 469 3039 τὴν
489 2950 636 3038 Ἀττικὴν
654 2951 709 3019 καὶ
726 2956 868 3040 τρόπους
885 2957 963 3032 τοὺς
980 2951 1078 3040 Ἀθη-

73 3065 181 3128 ναίων
210 3061 386 3128 ἐδίδασκον
412 3062 492 3137 τοὺς
513 3061 640 3137 παῖδας.
687 3057 722 3124 οί
742 3056 779 3125 δέ
802 3059 877 3124 οὔτε
900 3061 1077 3144 συμμίσγε-

76 3175 158 3234 σθαι
176 3179 263 3234 τοῐστ
283 3169 319 3235 ἐκ
336 3177 403 3233 τῶν
419 3167 637 3250 Πελασγίδων
649 3175 817 3249 γυναικῶν
834 3161 928 3230 παισλ
940 3165 1076 3250 ἤθελον,

76 3281 110 3340 εί
127 3298 163 3340 τε
185 3275 342 3339 τύπτοιτό
363 3295 413 3349 τις
431 3272 542 3338 αὐτῶν
560 3265 619 3337 ὑπ’
639 3271 774 3337 ἐκείνων
791 3273 891 3354 τινός,
915 3270 1077 3355 ἐβοήθεόν

70 3403 108 3446 τε
131 3381 253 3456 πάντες
273 3375 329 3444 καλ
352 3378 529 3464 ἐτιμώρεον
553 3376 735 3463 ἀλλήλοισι·
757 3375 812 3443 καὶ
831 3378 872 3462 δὴ
890 3375 945 3442 καλ
963 3379 1076 3464 ἀρχειν

71 3509 109 3552 τε
131 3496 200 3552 πᾶν
219 3487 349 3552 παίδων
373 3485 408 3550 οί
427 3485 541 3560 παῖδες
560 3481 724 3550 ἐδικαίευν
741 3481 796 3550 καλ
813 3487 924 3572 πολλῷ
943 3482 1077 3566 ἐπεκρά-
