2678 3970
189 279 251 342 172
599 277 786 334 HERODOTI

186 421 290 505 χώρια
313 417 369 486 καὶ
392 421 508 506 αίχμάς
531 420 679 508 βραχέας.
715 422 822 488 Σάκαι
846 419 882 488 δέ
905 421 940 488 οί
959 421 1094 487 Σκύθαι
1115 417 1191 504 περὶ

138 578 143 586 s
187 523 248 610 μὲν
270 534 344 610 τῇσι
367 532 529 613 κεφαλῇσι
546 531 728 612 κυρβασίας
750 528 783 606 ἐς
802 526 860 608 ὀξὺ
879 526 1068 612 ἀπηγμένας
1085 526 1193 611 όρθδις

188 627 278 716 είχον
295 636 488 716 πεπηγυίας,
512 634 712 718 ἀναξυρίδας
730 632 768 700 δέ
786 634 1034 717 ἐνεδεδύκεσαν,
1056 631 1135 711 τόξα
1155 628 1192 696 δὲ

189 737 345 823 ἐπιχώρια
372 737 426 804 καί
454 740 648 826 ἐγχειρίδια,
675 742 758 824 πρὸς
785 736 823 805 δὲ
845 738 900 805 καὶ
922 739 1033 818 ἀξίνας
1055 737 1193 821 σαγάρις
1319 749 1320 754 ’

189 839 288 928 εἶχον.
332 847 472 923 τούτους
499 843 536 912 δέ
560 847 674 923 ἐόντας
697 847 836 922 Σκύθας
859 842 1055 930 Ἀμυργίους
1080 844 1193 921 Σάκας

190 951 337 1018 ἐκάλεον·
361 952 396 1016 οί
415 953 479 1035 γάρ
499 950 627 1034 Πέρσαι
643 952 768 1028 πάντας
785 953 864 1028 τοὺς
881 951 1020 1028 Σκύθας
1037 949 1193 1016 καλέουσι

190 1058 310 1136 Σάκας.
354 1060 528 1143 Βακτρίων
556 1054 593 1124 δδ
619 1055 675 1124 καλ
701 1055 839 1123 Σακέων
867 1052 946 1141 ἦρχε
968 1052 1147 1140 Ὑστάσπης
1174 1055 1194 1121 δ

137 1177 171 1227 οο
190 1166 338 1248 Δαρείου
359 1186 395 1230 τε
417 1161 473 1228 καὶ
491 1160 647 1246 Ἀτόσσης
666 1172 723 1246 της
740 1163 866 1248 Κύρου.
899 1159 1001 1228 Ἰνδοὶ
1024 1159 1061 1228 δέ
1078 1164 1195 1248 είματα

190 1265 250 1353 μέν
274 1269 485 1346 ἐνδεδυκότες
503 1269 566 1334 ἀπὸ
586 1268 694 1346 ξύλων
711 1266 923 1354 πεποιημένα,
945 1270 1023 1348 τόξα
1041 1265 1079 1335 δὲ
1095 1270 1195 1335 καλά-

191 1399 270 1460 μινα
293 1371 383 1461 εἶχον
400 1373 456 1442 καὶ
474 1375 606 1452 ὀιστοὺς
623 1377 837 1459 καλαμίνους·
862 1373 914 1440 ἐπὶ
933 1372 970 1440 δὲ
988 1376 1124 1461 σίδηρος
1141 1371 1194 1459 ἦν.

191 1481 383 1566 ἐσταλμένοι
410 1480 470 1566 μὲν
499 1483 540 1566 δη
568 1476 653 1566 ἦσαν
682 1481 768 1546 οὕτω
792 1477 909 1562 Ἰνδοί,
935 1482 1196 1567 προσετετάχατο

139 1602 172 1652 66
192 1585 229 1654 δὲ
243 1590 539 1672 συστρατευόμενοι
555 1589 777 1674 Φαρναζάθρη
792 1595 837 1676 τῷ
852 1582 1063 1673 Ἀρταβάτεω.
1085 1587 1196 1675 Ἀριοι

194 1693 231 1761 δέ
258 1695 383 1774 τόξοισι
410 1691 471 1778 μέν
498 1693 731 1778 ἐσκευασμένοι
757 1690 843 1778 ἦσαν
866 1695 1063 1777 Μηδικοῖσι,
1090 1697 1131 1761 τά
1158 1693 1196 1761 δὲ

193 1803 275 1866 ἀλλα
302 1799 384 1866 κατά
410 1821 471 1884 περ
499 1800 664 1884 Βάκτριοι.
705 1797 824 1885 Ἀρίων
855 1797 892 1865 δέ
918 1795 997 1885 ἦρχε
1024 1802 1197 1886 Σισάμνης
1325 1799 1326 1808 ’

193 1908 211 1974 ό
230 1904 411 1990 Ὑδάρνεος.
448 1906 585 1990 Πάρθοι
608 1902 645 1971 δὲ
666 1903 721 1971 καί
740 1907 924 1992 Χοράσμιοι
943 1904 998 1972 καὶ
1016 1908 1143 1991 Σόγδοι
1161 1931 1197 1974 τε
1322 1929 1327 1980 ῑ

193 2012 248 2079 καὶ
266 2013 449 2099 Γανδάριοι
471 2011 526 2080 καὶ
545 2015 690 2080 Δαδίκαι
711 2013 772 2096 τὴν
795 2012 899 2096 αὐτὴν
922 2015 1044 2097 σκευὴν
1066 2017 1199 2098 ἔχοντες

193 2123 253 2204 τὴν
272 2118 327 2185 καί
341 2120 498 2206 Βάκτριοι
516 2121 759 2205 ἐστρατεύοντο.
790 2119 917 2184 τούτων
937 2115 974 2184 δέ
991 2115 1095 2205 ἦρχον
1114 2121 1197 2205 οἵδε,

195 2227 346 2313 Πάρθων
369 2223 430 2310 μὲν
450 2224 505 2290 καὶ
524 2227 723 2310 Χορασμίων
742 2219 935 2310 Ἀρτάβαζος
956 2223 976 2290 ό
996 2227 1198 2312 Φαρνάκεος,

194 2333 337 2416 Σόγδων
356 2328 393 2396 δέ
413 2328 546 2414 Ἀζάνης
564 2330 581 2396 ὁ
597 2329 759 2415 Ἀρταίου,
783 2331 981 2413 Γανδαρίων
999 2326 1036 2396 δὲ
1054 2330 1110 2398 καὶ
1128 2339 1197 2398 Δα-

142 2449 176 2500 67
197 2436 316 2506 δικέων
335 2434 511 2522 Ἀρτύφιος
532 2436 550 2503 δ
570 2433 781 2522 Ἀρταβάνου.
818 2437 963 2502 Κάσπιοι
981 2434 1018 2502 δὲ
1039 2441 1200 2523 σισύρνας

194 2568 230 2610 τε
248 2543 459 2619 ἐνδεδυκότες
476 2541 531 2608 καὶ
548 2541 625 2622 τόξα
643 2542 801 2626 ἐπιχώρια
818 2544 980 2627 καλάμινα
995 2546 1125 2628 ἔχοντες
1142 2545 1199 2610 καλ

196 2650 351 2727 ἀκινάκας
379 2648 620 2734 ἐστρατεύοντο.
666 2643 760 2712 οὗτοι
786 2645 846 2732 μέν
874 2649 961 2715 οὕτω
989 2649 1198 2734 ἐσκευάδατο,

196 2759 341 2843 ἡγεμόνα
359 2758 576 2840 παρεχόμενοι
591 2751 810 2839 Ἀριόμαρδον
828 2755 887 2820 τὸν
901 2752 1082 2841 Ἀρτυφίου
1105 2757 1199 2822 ἀδελ-

198 2867 291 2948 φεόν,
315 2862 489 2947 Σαράγγαι
512 2858 549 2926 δὲ
572 2860 685 2944 εἵματα
705 2856 767 2945 μὲν
785 2860 973 2946 βεβαμμένα
997 2864 1126 2946 ἔχοντες
1147 2862 1198 2928 ἐν·
1326 2937 1327 2942 ¹

198 2969 351 3055 έπρεπον,
370 2967 487 3032 πέδιλα
506 2963 543 3031 δὲ
561 2965 594 3042 ἐς
611 2968 695 3049 γόνυ
713 2966 927 3032 ἀνατείνοντα
946 2962 1047 3051 εἶχον,
1065 2967 1143 3046 τόξα
1162 2965 1199 3034 δέ

197 3073 252 3140 καὶ
276 3076 392 3158 αἰχμάς
410 3073 573 3155 Μηδικάς.
611 3071 813 3157 Σαραγγέων
836 3069 874 3137 δὲ
896 3068 975 3157 ηρχε
991 3074 1199 3158 Φερενδάτης

198 3181 216 3248 δ
240 3179 448 3264 Μεγαβάζου.
490 3177 639 3253 Πάκτυες
661 3174 698 3243 δὲ
721 3180 961 3263 σισυρνοφόροι
983 3202 1017 3244 τε
1039 3175 1125 3264 ἦσαν
1144 3179 1199 3247 καί
1247 3205 1251 3212 ·

197 3287 276 3365 τοξα
304 3285 460 3368 ἐπιχώρια
483 3277 574 3367 είχον
596 3281 651 3348 καί
674 3283 859 3370 ἐγχειρίδια.
905 3283 1054 3363 Πάκτυες
1082 3283 1119 3352 δέ
1142 3287 1199 3371 ἀρ-

145 3404 179 3458 68
197 3414 300 3478 χοντα
322 3391 517 3473 παρείχοντο
538 3386 739 3477 Ἀρταΰντην
760 3391 820 3455 τὸν
839 3387 1040 3476 Ἰθαμίτρεω.
1083 3395 1200 3458 Οὔτιοι

199 3493 236 3564 δέ
263 3493 318 3561 καὶ
340 3495 454 3561 Μύκοι
480 3517 515 3561 τε
542 3496 594 3561 καί
626 3495 824 3576 Παρικάνιοι
855 3495 1087 3580 ἐσκευασμένοι
1113 3492 1199 3582 ἦσαν
