2640 3960
200 238 244 300 98
614 231 804 288 Ηιιειοοοτι

201 378 326 461 φράσαι
353 400 410 461 μοι
437 378 498 462 τὴν
525 376 701 461 ἀληθείην,
729 379 778 453 τίς
801 377 863 459 μεύ
886 375 954 440 ἐστι
972 377 1086 461 ,πατὴρ
1110 376 1203 465 ὀρθῷ

201 485 298 570 λόγῳ.
330 484 536 568 Λευτυχίδης
554 479 614 566 μὲν
631 484 695 566 γάρ
715 485 778 566 ἐφη
798 480 835 547 έν
853 493 940 547 τοῖσι
957 485 1079 547 νείκεσι
1097 482 1204 566 λέγων

201 587 364 653 κυέουσάν
382 607 418 654 σε
437 588 472 653 ἐκ
490 596 550 653 τοῦ
567 586 730 672 προτέρου
745 587 867 671 ἀνδρὸς
881 587 966 652 οὕτω
986 587 1098 652 ἐλθεῖν
1116 590 1203 673 παρά

198 690 391 778 Ἀρίστωνα,
419 694 454 758 οἰ
474 690 510 758 δὲ
533 690 667 757 καὶτὸν
690 695 906 776 ματαιότερον
928 694 1030 774 λόγον
1052 691 1203 774 λέγοντες

201 802 288 884 φασί
311 814 348 864 σε
375 799 487 865 ἐλθεῖν
517 799 605 882 παρὰ
636 809 703 862 τῶν
736 796 888 863 οἰκετέων
915 799 974 863 τὸν
1002 797 1202 882 ὀνοφορβόν,

201 902 255 970 καί
285 902 340 989 ἐμὲ
364 904 495 970 ἐκείνου
518 898 604 969 εἰναι
626 903 736 969 παῖδα.
782 903 846 986 έχώ
868 918 906 969 σε
934 898 982 969 ὧν
1009 903 1227 988 μετέρχομαι·
1303 887 1304 912 ¹

200 1021 267 1075 τῶν
289 1016 381 1074 θεῶν
404 1011 506 1074 εἰπεῖν
525 1007 692 1097 τώληθέςῂ
710 1008 785 1074 οὔτε
803 1009 877 1093 γάρ,
901 1014 1008 1092 εἰπερ
1026 1010 1205 1092 πεποίηκάς
1304 1053 1305 1076 ι

201 1138 233 1180 τι
254 1124 320 1180 τῶν
340 1113 536 1199 λεγομένων,
560 1115 668 1199 μούνη
689 1114 730 1198 δὴ
750 1118 938 1198 πεποίηκας,
957 1115 1037 1199 μετὰ
1053 1116 1203 1182 πολλέων
1304 1109 1305 1112 “

203 1220 252 1287 δέ·
271 1222 289 1287 ό
307 1244 342 1286 τε
361 1222 458 1302 λόχος
476 1221 596 1296 πολλὸς
615 1218 651 1284 έν
669 1219 807 1304 Σπάρτη
826 1220 870 1296 ὡς
886 1217 1058 1304 Ἀρίστωνι
1076 1221 1204 1306 σπέρμα

202 1326 400 1392 παιδοποιὸν
428 1323 488 1390 οὐκ
512 1325 603 1408 ἐνῆν·
634 1333 740 1389 τεκεῖν
763 1325 825 1408 γάρ
849 1325 890 1388 άν
914 1325 949 1388 οἰ
968 1323 1023 1390 καί
1044 1327 1102 1402 τὰς
1125 1347 1205 1412 προ-

149 1450 183 1498 ει
202 1431 297 1517 τέρας
318 1441 484 1514 γυναῖκας.
529 1428 547 1496 ὁ
571 1426 631 1514 μέν
655 1431 696 1512 δὴ
719 1438 855 1495 τοιαῦτα
879 1433 982 1512 έλεχε,
1010 1429 1031 1514 ἡ
1055 1428 1092 1496 δὲ
1116 1432 1202 1516 ἀμεί-

203 1540 277 1616 βετο
296 1537 433 1602 τοισίόε·
460 1526 498 1598 Ὠ
515 1546 584 1618 παῖ,
609 1535 713 1600 ἐπείτε
731 1557 770 1618 με
790 1539 895 1619 λιτῇσι
913 1534 1083 1620 μετέρχεαι
1101 1539 1205 1604 εἰπεῖν

202 1643 262 1726 την
290 1641 464 1726 ἀληθείην,
495 1649 560 1706 πᾶν
588 1641 621 1717 ές
647 1637 685 1705 σε
711 1643 935 1724 κατειρήσεται
957 1641 1120 1725 τώληθές.-
1161 1645 1204 1721 ώς

202 1771 242 1831 με
268 1747 406 1831 η’μάχετο
426 1743 583 1831 Ἀρίστων
606 1746 639 1822 ές
661 1745 802 1828 ἑωυτοῦ,
829 1743 924 1810 νυκτὶ
945 1749 1038 1832 τρίτη
1061 1747 1124 1813 άπὸ
1147 1759 1205 1833 τῆς

202 1854 332 1939 πρώτης
360 1849 446 1936 ἦλθέ
475 1876 531 1936 μοι
563 1851 677 1936 φάσμα
708 1851 880 1936 εἰδόμενον
907 1846 1093 1936 Ἀρίστωνι,
1126 1870 1204 1920 συν·
1305 1929 1307 1938 A

203 1956 347 2043 ευνηθέν
370 1955 407 2024 θλ
429 1960 507 2034 τοὺς
529 1957 713 2042 στεφάνους
734 1958 813 2033 τοὺς
832 1951 896 2041 εἰχε
919 1955 991 2041 έμοί
1013 1963 1205 2043 περιετίθεε.

202 2062 317 2131 καὶτὸ
341 2061 401 2150 μὲν
424 2064 567 2148 οἰχώκεε,
590 2058 648 2146 ηκε
672 2059 708 2127 δὲ
731 2063 811 2145 μετὰ
832 2071 934 2127 ταῦτα
949 2058 1114 2147 Ἀρίστων.
1161 2067 1207 2143 ώς

204 2168 243 2236 δέ
267 2193 307 2254 με
334 2165 401 2235 εἰόε·
426 2173 567 2255 ἔχουσαν
589 2168 787 2252 στεφάνους,
817 2169 934 2252 εἰρώτα
956 2171 1005 2244 τίς
1033 2175 1083 2252 εἰη
1107 2169 1125 2235 ὅ
1149 2195 1205 2256 μοι
1307 2163 1308 2182 ³

204 2275 296 2350 ἰούς·
334 2274 396 2357 έχίι
425 2271 461 2340 δὲ
489 2273 617 2357 ἐφάμην
645 2273 784 2338 ἐκεῖνον·
820 2269 898 2338 ὁόέ
926 2273 987 2338 οὐκ
1013 2273 1205 2342 ὑπεδέκετο·

204 2379 267 2462 ἐγώ
292 2375 329 2444 δὲ
350 2380 585 2462 κατωμνύμην,
609 2377 739 2462 φαμένη
763 2378 865 2460 αὐτὸν
888 2379 929 2443 οὐ
951 2379 1075 2445 ποιέειν
1098 2387 1206 2458 καλῶς

204 2484 464 2569 ἀπαρνεόμενον·
497 2483 597 2571 ὀλίγῳ
629 2483 691 2569 γάρ
720 2507 752 2548 τι
782 2486 944 2569 πρότερον
976 2484 1119 2550 ἐλθόντα
1151 2486 1205 2552 καί

205 2588 453 2672 συνευνηθέντα
476 2589 597 2654 δοῦναί
617 2612 673 2674 μοι
699 2591 777 2666 τοὺς
800 2590 992 2674 στεφάνους.
1039 2590 1144 2676 ὁρέων
1168 2592 1206 2658 θέ

205 2720 244 2782 με
266 2693 516 2779 κατομνυμένην
543 2689 737 2780 όἈρίστων
765 2699 868 2779 ἔμαθε
895 2695 939 2772 ὡς
965 2701 1062 2761 θεῖον
1089 2703 1140 2782 εἰη
1167 2701 1205 2764 τὸ

204 2811 343 2890 πρῆγμα.
385 2799 438 2866 καί
462 2810 559 2866 τοῦτο
583 2798 643 2886 μὲν
666 2801 701 2866 οἰ
721 2799 879 2885 στέφανοι
902 2801 1072 2885 ἐφάνησαν
1096 2803 1207 2882 ἐόντες

205 2909 240 2974 ἐκ
267 2916 326 2973 τοῦ
352 2907 478 2993 ἡρωίου
505 2915 565 2972 τοῦ
591 2908 679 2992 παρά
705 2915 779 2991 τῇσι
806 2907 931 2991 θόρησι
957 2916 1031 2990 τῇσι
1054 2908 1206 2996 αὐλείησι

206 3012 396 3099 ἰόρυμένου,
419 3015 455 3078 τὸ
478 3012 631 3078 καλέουσι
649 3009 878 3096 Ἀστροβάκου,
901 3021 998 3077 τοῦτο
1017 3008 1054 3078 δὲ
1073 3014 1109 3078 οἰ
1124 3017 1206 3099 μάν-

205 3142 271 3199 τιες
300 3120 359 3184 τὸν
387 3119 488 3184 αὐτὸν
515 3127 633 3183 τοῦτον
659 3119 751 3202 ἥρωα
783 3116 938 3201 άναίρεον
965 3113 1059 3193 εἰναι.
1105 3121 1205 3203 οὕτω,

207 3221 233 3290 ὦ
256 3235 327 3306 παῖ,
356 3226 438 3307 ἔχεις
460 3233 540 3307 πᾶν,
569 3224 649 3288 ὅσον
671 3245 702 3287 τι
725 3219 779 3287 καὶ
802 3223 936 3306 βούλεαι
958 3223 1137 3290 πυθέσθαι.
1182 3226 1205 3308 ἣ

207 3331 269 3414 γάρ
293 3328 329 3393 ἐκ
349 3336 409 3393 τοῦ
431 3329 538 3414 ἥρωος
559 3330 679 3394 τούτου
697 3326 846 3411 μέμονας,
869 3332 927 3394 καί
940 3351 992 3394 τοι
1009 3331 1115 3414 πατήρ
1135 3331 1204 3396 ἐστι

203 3435 419 3518 Ἀστρόβακος
446 3433 463 3499 ὁ
492 3434 579 3518 ἥρως
601 3433 620 3517 ἣ
642 3429 813 3514 Ἀρίστων·
843 3432 880 3499 ἐν
902 3434 964 3518 γάρ
987 3450 1024 3500 σε
1046 3443 1085 3519 τῇ
1107 3434 1204 3500 νυκτὶ
