2678 3968
400 270 467 328 LlB.
482 271 555 327 v111.
592 270 669 327 οΑΡ.
691 279 846 328 ιτα-ιιι.
1064 273 1128 341 307

128 415 260 481 ἀπίκετο
284 412 333 481 ἐπ’
356 409 469 481 Ἠιόνα
491 416 552 499 τήν
571 413 624 481 ἐπὶ
642 419 823 500 Στρυμόνι,
843 417 1001 484 ἐνθεῦτεν
1020 419 1130 485 οὐκέτι

128 520 337 607 ὁδοιπορίῃσι
360 522 522 605 διεχρᾶτο,
546 520 628 586 ἀλλὰ
647 521 708 604 τήν
727 517 787 604 μέν
807 524 963 607 στρατιήν
981 520 1132 610 Ὑδάρνεϊ

127 628 295 710 ἐπιτράπει
322 627 460 711 ἀπάγειν
487 626 520 704 ἐς
543 628 602 692 τὸν
621 623 875 711 Ἑλλήσποντον,
899 629 997 706 αὐτὸς
1020 627 1050 695 δ’
1076 629 1128 696 ἐπὶ

126 735 202 811 νεὸς
219 736 399 817 Φοινίσσης
412 732 526 816 έπιβδς
540 732 703 816 ἐκομίζετο
717 731 750 809 ές
762 733 824 816 τήν
834 730 956 816 Ἀσίην.
987 735 1129 803 πλέοντα

128 840 168 905 δέ
186 864 244 924 μιν
262 841 385 924 άνεμου
403 841 617 924 Στρυμονίην
636 837 816 922 ὑπολαβεῖν
834 837 938 922 μέγαν
955 837 1010 904 καὶ
1027 865 1129 925 κυμα-

126 948 210 1029 τίην.
254 945 309 1010 καὶ
339 945 380 1028 δή
410 949 536 1028 μᾶλλον
562 944 626 1029 γάρ
652 967 684 1009 τι
710 947 940 1029 χειμαίνεσθαι
966 947 1129 1030 γεμούσης

125 1061 184 1135 τῆς
201 1052 277 1128 νεὸς
293 1051 375 1115 ὥστε
389 1047 441 1115 ἐπὶ
454 1059 515 1114 τοῦ
532 1051 804 1134 καταστρώματος
818 1050 982 1116 ἐπεόντων
996 1063 1128 1135 συχνῶν

128 1157 286 1240 Περσέων
299 1167 367 1221 τών
381 1159 445 1221 σὺν
458 1154 562 1241 Ξέρξη
576 1155 810 1240 κομιζομένων,
826 1157 972 1222 ἐνθαῦτα
986 1156 1019 1233 ἐς
1033 1158 1128 1242 δεῖμα

125 1267 269 1330 πεσόντα
286 1263 345 1327 τὸν
364 1261 500 1345 βασιλέα
516 1260 665 1347 είρέσθαι
680 1263 833 1346 βώσαντα
850 1263 910 1328 τὸν
923 1265 1128 1348 κυβερνήτην

127 1377 161 1436 εῖ
179 1393 228 1447 τις
248 1372 316 1434 ἐστι
334 1385 395 1452 σφι
414 1371 566 1454 σωτηρίη.
602 1366 656 1433 καὶ
679 1369 738 1433 τὸν
757 1363 856 1434 εἶπαι·
879 1367 1044 1453 Δέσποτα,
1068 1371 1129 1435 οὐκ

127 1479 196 1542 ἔστι
220 1475 368 1558 οὐδεμία,
392 1475 423 1538 εί
443 1475 487 1558 μή
510 1475 637 1539 τούτων
656 1473 825 1558 ἀπαλλαγή
843 1497 892 1551 τις
909 1473 1044 1558 γένηται
1061 1487 1128 1541 τῶν

125 1587 258 1647 πολλῶν
273 1578 459 1663 ἐπιβατέων.
482 1577 537 1644 καὶ
547 1577 673 1662 Ξέρξην
687 1579 813 1663 λέγεται
827 1580 1013 1646 ἀκούσαντα
1026 1591 1128 1646 ταῦτα

127 1691 245 1754 εἰπεῖν·
259 1685 398 1770 ’Ἀνδρες
413 1685 550 1770 Πέρσαι,
569 1693 634 1750 νῦν
647 1708 697 1762 τις
716 1685 892 1764 διαδεξάτω
912 1685 1022 1772 ὑμέων
1036 1689 1128 1769 βασι-

126 1793 201 1870 λέος
223 1793 418 1876 κηδόμενος·
442 1791 478 1856 έν
501 1791 581 1875 ὑμῖν
603 1792 666 1876 γάρ
690 1786 758 1856 οἶκε
782 1787 866 1856 εἶναι
889 1791 961 1877 ἐμοὶ
983 1792 1003 1876 ή
1025 1808 1128 1877 σωτη-

10 1971 11 1976 1
127 1903 191 1986 ρίη.
235 1899 295 1963 τὸν
322 1893 382 1981 μέν
409 1905 512 1962 ταῦτα
539 1894 662 1980 λέγειν,
692 1899 770 1973 τοὺς
800 1893 837 1962 δέ
864 1897 1128 1983 προσκυνέοντας

127 2007 273 2090 ἐκπηδᾶν
291 2003 325 2080 ἐς
337 2004 399 2086 τήν
412 2003 598 2085 θάλασσαν,
616 1999 671 2066 καὶ
684 2003 745 2086 τήν
759 2002 818 2068 νέα
832 2001 1128 2088 ἐπικουφισθεῖσαν

128 2113 214 2178 οὕτω
243 2111 284 2193 δή
312 2109 528 2192 ἀποσωθῆναι
557 2107 590 2184 ἐς
615 2109 677 2191 τήν
696 2103 817 2192 Ἀσίην.
863 2108 907 2184 ώς
934 2106 971 2174 δὲ
994 2109 1127 2194 ἐκβῆναι

127 2217 261 2300 τάχιστα
284 2214 317 2292 ἐς
339 2223 403 2298 γῆν
425 2215 484 2279 τὸν
507 2211 643 2298 Ξέρξην,
665 2223 800 2297 ποιήσαι
821 2215 967 2280 τοιόνδε·
994 2216 1044 2280 ὅτι
1067 2214 1127 2300 μὲν

128 2327 231 2388 ἔσωσε
258 2319 410 2404 βασιλέος
431 2321 493 2404 τήν
515 2321 640 2404 ψυχήν,
669 2320 885 2404 δωρήσασθαι
907 2320 1035 2409 χρυσέῳ
1058 2321 1132 2388 ove-⁸

128 2428 224 2514 φόνῳ
252 2429 310 2492 τὸν
337 2428 558 2511 κυβερνήτην,
584 2425 635 2491 ὅτι
663 2421 699 2491 δὲ
723 2424 881 2511 Περσέων
903 2431 1046 2505 πολλοὺς
1068 2427 1126 2494 άπ-

129 2535 240 2615 ώλεσε,
259 2532 438 2617 ἀποταμεῖν
455 2534 517 2616 τήν
534 2534 682 2616 κεφαλὴν
701 2532 812 2598 αὐτοῦ.
849 2528 946 2611 οὗτος
965 2531 1001 2599 δὲ
1020 2535 1119 2612 άλλος
1130 2553 1178 2602 ιεο

128 2637 255 2722 λέγεται
273 2641 372 2722 λόγος
389 2636 464 2724 περὶ
481 2646 542 2705 τοῦ
556 2636 682 2724 Ξέρξεω
698 2642 830 2723 νόστου,
850 2639 1003 2723 οὐδαμῶς
1017 2642 1127 2723 ἔμοιγε

127 2748 251 2828 πιστός,
276 2744 352 2809 οὔτε
375 2745 482 2822 άλλως
505 2744 580 2810 οὔτε
598 2745 635 2809 τὸ
655 2744 812 2828 Περσέων
830 2753 927 2810 τοῦτο
946 2745 1062 2820 πάθος.
1098 2745 1129 2809 εί

127 2853 190 2937 γάρ
219 2851 259 2934 δή
286 2859 388 2915 ταῦτα
416 2849 502 2916 οὕτω
530 2848 642 2935 είρέθη
671 2849 705 2914 ἐκ
731 2858 792 2913 τοῦ
818 2852 1023 2934 κυβερνήτεω
1046 2850 1128 2931 πρὸς

128 2956 268 3042 Ξέρξην,
297 2955 333 3021 ἐν
361 2959 496 3041 μυρίησι
524 2955 673 3040 γνώμησι
699 2957 778 3038 μίαν
806 2954 867 3019 οὐκ
890 2956 952 3038 ἐχω
976 2953 1128 3031 ἀντίξοον

128 3065 171 3148 μή
196 3063 256 3128 οὐκ
279 3060 321 3127 ἂν
343 3069 478 3145 ποιῆσαι
501 3059 637 3144 βασιλέα
658 3061 803 3144 τοιόνδε,
827 3060 905 3137 τοὺς
927 3056 987 3145 μέν
1010 3059 1045 3126 ἐκ
1067 3069 1127 3126 τοῦ

127 3169 398 3254 καταστρώματος
434 3167 650 3250 καταβιβάσαι
686 3165 719 3242 ἐς
753 3169 869 3250 κοίλην
902 3164 977 3248 νέα,
1015 3165 1128 3244 ἐόντας

128 3273 260 3358 Πέρσας
287 3273 341 3340 καὶ
364 3272 522 3359 Περσέων
549 3274 627 3348 τοὺς
653 3273 816 3358 πρώτους,
843 3281 910 3336 τῶν
934 3269 964 3336 δ’
991 3271 1127 3358 ἐρετέων

129 3379 253 3445 ἐόντων
270 3383 436 3445 Φοινίκων
459 3380 543 3456 ὅκως
562 3377 623 3444 οὐκ
641 3375 682 3443 δυ
701 3383 775 3444 ῖσον
792 3383 920 3462 πλῆθος
937 3388 1023 3444 τοῖσι
1042 3375 1128 3463 Πέρ-

128 3500 205 3570 σησι
234 3483 363 3567 ἐξέβαλε
390 3484 423 3561 ἐς
449 3486 510 3568 τήν
537 3484 719 3550 θάλασσαν.
764 3481 834 3549 ἀλλ’
861 3483 879 3550 ὁ
903 3481 979 3569 μέν,
1007 3483 1051 3562 ώς
1073 3480 1126 3548 καλ

860 3590 915 3644 20*
