2678 3968
422 259 489 313 ΜΒ.
505 261 564 315 vll.
598 261 674 316 GAP.
695 267 852 316 τοο-τοο.
1080 263 1144 327 237

138 401 289 486 χθέντων
311 411 351 489 τῇ
378 405 495 490 γνώμη
516 404 619 490 ταότη
641 405 745 469 αὐτοῦ
766 428 801 470 τε
830 403 943 490 μένειν
969 406 1145 490 ἐψηφίζετο

137 507 276 592 πέμπειν
306 533 342 574 τε
373 509 533 594 ἀγγέλους
562 509 596 586 ές
625 511 683 586 τὰς
713 513 830 587 πόλιας
859 513 1052 589 κελεύοντός
1083 529 1145 596 σφι

138 613 363 698 ἐπιβοηθέειν,
395 616 440 692 ώς
467 615 590 681 έόντων
618 615 729 680 αὐτῶν
759 616 882 699 ὀλίγων
913 619 1053 702 στρατὸν
1085 620 1144 684 τὸν

138 719 268 802 Μήδων
287 719 475 799 ἀλέξασθαι.
493 730 595 788 ταῦτα
614 721 866 806 βουλευομένων
885 723 998 807 σφέων
1017 726 1135 809 ἔπεμπε
1146 745 1197 795 ιοε

137 823 262 911 Ξέρξης
286 827 494 893 κατάσκοπον
522 825 620 892 ίππέα
648 826 781 892 ἰδέσθαι
809 827 922 893 ὁπόσοι
949 826 1013 894 εἰσὶ
1043 829 1098 895 κοιλ
1125 832 1144 896 ὅ

136 954 169 996 τι
191 930 346 998 ποιέοιεν.
383 932 519 1016 ἀκηκόεε
543 929 580 997 δέ
603 935 650 997 ἔτι
674 933 738 998 ἐών
761 933 797 999 έν
821 937 985 1020 Θεσσαλίῃ
1009 935 1053 1012 ὡς
1076 935 1144 1000 ἁλι-

137 1036 241 1122 σμένη
274 1043 329 1122 εἴη
355 1039 458 1124 ταύτης
490 1040 624 1125 στρατιὴ
654 1038 764 1123 ὀλίγη,
796 1037 850 1104 παλ
875 1043 954 1117 τοὺς
982 1040 1145 1126 ἡγεμόνας

137 1143 183 1220 ώς
205 1149 319 1226 είησαν
342 1147 603 1230 Λακεδαιμόνιοί
622 1167 657 1210 τε
679 1143 733 1210 καὶ
756 1147 942 1230 Λεωνίδης,
962 1147 1025 1213 έών
1047 1145 1144 1230 γένος

136 1245 357 1335 Ἡρακλείδης.
388 1251 434 1328 ὡς
456 1248 493 1315 δὲ
514 1253 702 1336 προσήλασε
721 1250 738 1317 ὁ
759 1252 875 1328 ἱππεὺς
892 1253 975 1338 πρὸς
991 1253 1028 1318 τὸ
1047 1268 1144 1338 στρα-

137 1357 290 1439 τόπεδον,
309 1356 439 1440 ἐθηεῖτό
457 1354 565 1423 τεκαὶ
583 1359 713 1442 κατώρα
731 1366 797 1422 πᾶν
815 1355 876 1442 μὲν
895 1357 936 1424 οό
953 1359 990 1422 τὸ
1009 1362 1144 1444 στρατό-

136 1466 254 1529 πεδον·
272 1465 352 1540 τοὺς
368 1463 431 1548 γὰρ
451 1465 517 1528 ἔσω
533 1462 752 1547 τεταγμένους
768 1473 829 1528 τοῦ
842 1467 976 1548 τείχεος,
994 1465 1031 1530 τὸ
1046 1465 1143 1550 ἀνορ-

136 1571 310 1646 θώσαντες
330 1563 419 1652 εἶχον
443 1567 480 1634 έν
502 1573 643 1653 φυλακῇ,
668 1569 729 1634 οὐκ
752 1561 805 1634 οἷό
822 1591 857 1634 τε
874 1565 917 1653 ἦν
935 1568 1143 1636 κατιδέσθαι·

137 1677 156 1742 ὁ
189 1672 226 1742 δὲ
253 1677 332 1752 τοὺς
359 1673 419 1752 ἔξω
447 1674 629 1758 έμιίυθανε,
660 1685 747 1740 τοῖσι
773 1676 837 1760 πρὸ
868 1684 929 1741 τοῦ
955 1679 1078 1761 τείχεος
1103 1678 1143 1744 τὰ

138 1784 223 1848 ὅπλα
250 1784 362 1846 ἔκειτο.
394 1783 511 1864 ἔτυχον
540 1777 577 1845 δέ
603 1789 723 1846 τοῦτον
751 1781 815 1845 τὸν
837 1783 960 1864 χρόνον
985 1783 1144 1847 Λακεδαι-

15 1962 23 1976 ,
137 1891 251 1974 μότιοι
267 1886 328 1965 ἔξω
341 1885 541 1971 τεταγμένοι.
563 1889 642 1962 τοὺς
660 1883 720 1970 μὲν
738 1887 782 1970 δη
794 1887 863 1972 ώρα
876 1888 1144 1973 γυμναζομένους

137 2006 204 2060 τῶν
227 1993 374 2078 ἀνδρῶν,
398 1994 476 2068 τοὺς
499 1989 536 2057 δλ
558 1993 616 2068 τάς
637 1994 744 2076 κόμας
761 1992 1018 2077 κτενιζομένους.
1041 2003 1143 2062 ταῦτα

6 2101 7 2118 ’
138 2101 180 2184 δὴ
198 2100 367 2183 θεώμενος
384 2097 532 2182 ἐθώμαζε
550 2096 604 2162 καλ
622 2099 660 2162 τὸ
683 2103 811 2181 πλῆθος
830 2098 1004 2183 ἐμάνθανε.
1024 2101 1144 2184 μαθών

138 2202 176 2271 δὲ
207 2205 314 2270 πάντα
348 2201 506 2289 ἀτρεκέως
539 2203 709 2286 ἀπήλαυνε
740 2203 845 2268 ὀπίσω
878 2202 949 2268 κατ’
988 2205 1144 2292 ἡσυχίην·

138 2312 215 2378 οὔτε
236 2311 299 2396 γάρ
322 2333 372 2386 τις
394 2309 508 2375 ἐδίωκε
528 2309 662 2393 ἀλογίης
680 2332 718 2374 τε·
733 2309 871 2394 ἐκύρησε
889 2315 1025 2395 πολλῆς·
1048 2312 1144 2380 ἀπελ·

137 2419 213 2484 θών
248 2440 283 2482 τε
314 2419 404 2500 ἔλεγε
435 2417 518 2502 πρὸς
549 2413 675 2500 Ξέρξην
705 2416 746 2480 τά
776 2437 838 2500 περ
870 2416 1008 2482 ὀπώπεε.
1028 2419 1143 2484 πάντα.

138 2525 268 2589 ἀκούων
292 2519 329 2587 δὲ
351 2520 475 2607 Ξέρξης
496 2521 558 2586 οὐκ
580 2516 645 2605 εἶχε
668 2520 897 2606 συμβαλέσθαι
921 2525 957 2588 τὸ
982 2523 1052 2607 ἐόν,
1083 2526 1195 2593 ὀτινον

137 2629 418 2716 παρεσκευάζοντο
431 2627 475 2704 δις
489 2626 708 2711 ἀπολεόμενοί
727 2652 762 2692 τε
784 2626 840 2692 καλ
853 2627 1049 2706 ἀπολέοντες
1062 2633 1143 2694 κατὰ

139 2737 296 2820 δύναμιν·
328 2730 399 2798 ἀλλ’
434 2733 523 2821 αὐτῷ
555 2738 667 2816 γελοία
701 2735 764 2818 γὰρ
793 2733 971 2816 ἐφαίνοντο
1007 2733 1141 2816 ποιέειν,

10 2853 11 2902 λ
138 2840 361 2927 μετεπέμψατό
384 2839 587 2923 Δημάρητον
609 2840 668 2903 τὸν
687 2835 898 2924 Ἀρίστωνος,
923 2839 1019 2904 ἐόντα
1042 2839 1079 2904 έν
1096 2849 1142 2928 τῷ

138 2945 356 3033 στρατοπέδω.
386 2943 585 3028 ἀπικόμενον
609 2943 649 3009 δέ
668 2968 725 3028 μιν
749 2944 866 3028 εἰρώτα
885 2941 1007 3029 Ξέρξης
1024 2943 1143 3010 ἕκαστα

138 3054 275 3134 τούτων,
299 3049 425 3116 ἐθέλων
444 3056 565 3136 μαθεῖν
583 3050 620 3114 τὸ
638 3050 836 3133 ποιεύμενον
854 3049 936 3135 πρὸς
953 3059 1020 3114 τῶν
1038 3053 1141 3116 Λακε·

139 3160 330 3244 δαιμονίων.
363 3155 381 3222 ὀ
400 3152 437 3222 δὲ
455 3151 537 3221 εἶπε·
552 3153 721 3231 Ἤκουσας
738 3150 799 3238 μὲν
820 3151 875 3220 καὶ
888 3156 1050 3240 πρότερόν
1069 3180 1141 3241 μευ,

139 3259 212 3330 εὖτε
235 3261 386 3348 ὁρμῶμεν
409 3259 462 3328 ἐπὶ
483 3262 545 3344 τὴν
568 3259 716 3342 Ἑλλάδα,
739 3257 814 3345 περὶ
832 3271 899 3325 τών
917 3259 1050 3345 ἀνδρῶν
1068 3264 1141 3328 τοώ

137 3389 217 3434 των·
237 3370 380 3446 ἀκούσας
398 3363 435 3434 δδ
452 3365 577 3452 γέλωτά
595 3389 635 3450 με
653 3368 733 3432 ἔθευ
752 3365 890 3449 λέγοντα
907 3375 947 3451 τῇ
964 3389 1027 3451 περ
1045 3369 1142 3454 ώρων

140 3475 342 3561 ἐκβησόμενα
368 3477 541 3559 πρήγματα
567 3481 678 3538 ταῦτα.
709 3470 780 3558 ἐμοὶ
806 3473 869 3558 γὰρ
892 3473 952 3555 τὴν
980 3473 1142 3559 ἀληθείην

98 3567 113 3599 Ι
