2572 3980
179 205 222 290 12
468 230 473 244 ·
591 161 777 256 Ηειιοοοοι

178 353 321 432 Δαρεῖος
349 347 440 412 τάδε·
465 342 612 428 Ἱστιαῖε,
640 345 704 428 ἐγώ
732 361 769 410 σε
796 342 1050 428 μετεπεμψάμην
1078 345 1185 409 τῶνδε

170 453 302 519 εἵνεκα·
326 452 431 518 ἐπείτε
453 453 588 536 τάχιστα
611 450 772 532 ἐνόστησα
795 449 858 515 ἀπὸ
877 449 1042 515 Σκυθέων
1064 447 1119 514 καὶ
1142 451 1185 515 σύ

180 581 236 642 μοι
260 557 370 641 ἐγένεο
394 557 427 637 ἐξ
451 559 647 643 ὀφθαλμῶν,
671 555 772 622 οὐδέν
794 579 841 621 κω
864 555 944 620 ἀλλο
966 563 1073 639 χρῆμα
1096 555 1184 620 οὕτω

180 663 216 730 ἐν
239 663 355 748 βραχέι·
376 664 552 748 ἐπεζήτησα
575 663 620 740 ὡς
642 659 679 728 σέ
703 663 788 727 ἰδεῖν
809 684 844 726 τε
866 658 921 726 καὶ
939 660 972 738 ἐς
989 663 1111 744 λόγους
1128 685 1186 745 μοι

180 767 368 854 ἀπικέσθαι,
392 770 544 854 ἐγνωκὼς
566 769 617 834 ὅτι
639 768 813 852 κτημάτων
835 766 969 832 πάντων
987 753 1056 832 ἐστὶ
1073 768 1185 852 τιμιό

178 879 278 941 ταίον
306 873 390 960 ἀνὴρ
414 879 512 960 φίλος
534 876 671 950 συνετός
692 897 727 940 τε
748 870 803 938 καὶ
826 873 957 954 εὔνοος,
983 873 1024 937 τά
1045 895 1098 938 τοι
1121 873 1185 955 ἐγὼ

179 979 234 1046 καὶ
264 979 433 1065 ἀμφότερα
460 980 622 1057 συνειδὼς
649 982 712 1064 ἐγω
739 977 934 1065 μαρτυρέειν
957 979 990 1056 ἐς
1003 981 1187 1064 ’πρήγματα

179 1088 220 1152 τά
248 1086 316 1170 ε’μά.
361 1095 426 1152 νῦν
449 1083 512 1169 ὧν,
541 1081 579 1152 εὖ
601 1087 665 1170 γάρ
689 1086 844 1170 ἐποίησας
866 1085 1078 1172 ἀπικόμενος,
1107 1085 1187 1154 τάδε

178 1213 231 1256 τοι
258 1191 322 1275 ἐγὼ
353 1195 578 1276 ποοτείνομαι·
609 1194 764 1274 Μίλητον
792 1187 854 1276 μέν
880 1194 918 1257 έα
944 1190 998 1257 καλ
1025 1192 1087 1275 τὴν
1113 1193 1187 1257 νεό-

179 1311 314 1362 κτιστον
333 1296 369 1362 ἐν
384 1299 511 1382 Θρηίκη
529 1298 639 1378 πόλιν,
658 1298 701 1362 σὺ
720 1295 759 1362 δέ
775 1319 832 1381 μοι
850 1294 1009 1381 ἑπόμενος
1022 1296 1055 1374 ἐς
1068 1299 1188 1362 Σοῦσα

180 1403 232 1486 ἐχε
262 1402 303 1466 τά
328 1423 389 1484 περ
422 1400 464 1466 ἀν
491 1402 555 1486 ἐγὼ
583 1405 661 1486 έχω,
695 1401 771 1486 ἐμός
796 1425 832 1467 τε
859 1403 1013 1480 σύσσιτος
1040 1402 1104 1467 ἐὼν
1131 1401 1188 1467 καλ

128 1520 162 1570 25
181 1509 378 1593 σύμβουλος.
404 1517 506 1572 ταῦτα
520 1514 664 1594 Δαρεῖος
682 1513 773 1584 είπας
790 1505 845 1572 καὶ
862 1511 1064 1592 καταστήσας
1074 1503 1188 1592 Ἀρτα-

181 1613 306 1698 φρένεα
338 1611 502 1696 ἀδελφεὸν
535 1611 661 1680 ἑωυτοῦ
694 1613 896 1699 ὁμοπάτριον
922 1612 1072 1698 ὕπαρχον
1100 1608 1188 1678 εἶναι

181 1720 351 1803 Σαρδίων,
374 1717 543 1801 ἀπήλαυνε
566 1717 599 1796 ἐς
616 1723 733 1784 Σοῦσα
753 1719 822 1804 Ιἀμα
840 1717 1001 1802 ἀγόμενος
1018 1714 1187 1803 Ἱστιαῖον,

178 1821 310 1890 Ὀτάνεα
334 1819 371 1888 δὲ
394 1821 554 1902 ἀποδέξας
577 1825 761 1909 στρατηγὸν
784 1817 954 1890 εἶναιτῶν
972 1829 1188 1907 παραθαλασ-

182 1933 265 1996 σίων
301 1926 450 2015 ἀνδρῶν,
486 1937 547 1995 τοῦ
584 1930 643 1996 τδν
673 1927 797 2012 πατέρα
829 1929 1003 2013 Σισάμνην
1032 1933 1189 2014 βασιλεὺς

181 2034 364 2120 Καμβύσης
394 2037 576 2120 γενόμενον
603 2045 670 2100 τῶν
698 2037 880 2119 βασιληίων
908 2035 1104 2120 δικαστέων,
1136 2037 1189 2104 ὅτι

182 2139 234 2206 ἐπὶ
266 2143 407 2226 χρήμασι
441 2142 537 2224 δίκην
565 2141 682 2205 ἀδικον
706 2139 851 2224 ἐδίκασε,
883 2129 1009 2226 σφάξας
1035 2141 1189 2230 ἀπέδειρε

181 2252 290 2310 πᾶσαν
318 2246 380 2327 τὴν
407 2245 622 2330 ἀνθρωπεήν,
653 2245 813 2336 σπαδίξας
835 2242 872 2311 δὲ
895 2246 1059 2313 αὐτοῦτὸ
1083 2247 1189 2335 δέρμα

183 2349 319 2435 ίμάντας
347 2351 381 2428 ἐξ
409 2351 513 2416 αὐτοῦ
541 2353 637 2435 ἐταμε
663 2349 717 2416 καὶ
747 2351 887 2417 ἐνέτεινε
915 2353 974 2416 τὸν
1000 2355 1132 2438 θρόνον
1155 2355 1190 2434 ἐς

181 2459 240 2522 τὸν
268 2455 345 2533 ἵζων
373 2455 513 2534 ἐδίκαζε·
541 2454 722 2533 ἐντανύσας
750 2454 787 2522 δὲ
808 2455 827 2522 ὁ
850 2459 1032 2542 Καμβύσης
1054 2457 1189 2540 ἀπέδεξε

183 2563 341 2644 δικαστὴν
373 2555 470 2626 εἶναι,
490 2557 563 2624 ἀντὶ
594 2569 655 2625 τοῦ
684 2562 877 2647 Σισάμνεω,
907 2564 968 2628 τὸν
995 2563 1190 2644 ἀποκτείνας

64 2722 69 2734 .
183 2667 348 2751 ἀπέδειρε,
379 2667 439 2732 τὸν
466 2665 569 2730 παῖδα
594 2675 656 2732 τοῦ
679 2667 871 2752 Σισάμνεω,
903 2667 1129 2754 ἐντειλάμενός
1156 2672 1192 2737 οί

130 2789 163 2838 26
183 2777 370 2858 μεμνῆσθαι
398 2771 435 2838 ἐν
462 2777 508 2858 τῷ
535 2773 673 2850 κατίζων
699 2776 815 2860 θρόνῳ
844 2773 973 2853 δικάζει.
1019 2769 1118 2853 οὗτος
1140 2772 1189 2842 ὧν

182 2879 200 2945 ὁ
220 2877 364 2960 Ὀτάνης,
387 2876 405 2943 ὁ
430 2876 675 2961 ἐγκατιζόμενος
692 2877 726 2956 ἐς
742 2887 863 2944 τοῦτον
880 2880 940 2944 τὸν
956 2881 1097 2965 θρόνον,
1114 2884 1189 2948 τότε

183 2985 338 3068 διάδοχος
360 2985 540 3067 γενόμενος
558 2984 744 3073 Μεγαβάζῳ
766 2994 823 3068 τῆς
845 2988 1041 3070 στρατηγίης
1063 2991 1189 3066 Βυζαν-

182 3093 275 3166 τιόυς
301 3111 336 3153 τε
364 3081 430 3154 εἷλε
456 3087 510 3154 καὶ
535 3091 801 3174 Καλχηδονίους,
830 3082 896 3155 εἷλε
924 3087 961 3156 δέ
978 3089 1189 3178 Ἀντανδρον
1265 3153 1266 3164 ,

183 3196 244 3278 τὴν
268 3194 304 3260 ἐν
327 3203 366 3278 τῇ
393 3195 524 3283 Τρωάδι
547 3204 600 3280 γη,
624 3189 690 3262 εἷλε
713 3193 750 3261 δέ
772 3195 995 3280 Λαμπώνιον,
1019 3199 1130 3280 λαβὼν
1152 3196 1190 3265 δὲ
1265 3187 1266 3200 ’

183 3301 271 3384 παρά
290 3303 445 3384 Λεσβίων
463 3299 540 3378 νέας
558 3295 624 3366 εἷλε
642 3303 781 3385 Λῆμνόν
799 3323 834 3366 τε
851 3299 1064 3388 καὶἼμβρον,
1083 3303 1190 3389 ἀμφο-

130 3423 164 3472 27
183 3405 279 3493 τέρας
302 3408 349 3472 ἔτι
372 3409 445 3472 τότε
468 3406 533 3471 ὑπὸ
557 3409 740 3498 Πελασγῶν
764 3403 962 3490 οἰκεομένας.
1009 3407 1044 3472 ολ
1063 3405 1125 3494 μέν
1148 3411 1189 3498 δὴ
