<?xml version="1.0" encoding="UTF-8"?>
<!DOCTYPE html PUBLIC "-//W3C//DTD XHTML 1.0 Transitional//EN"
    "http://www.w3.org/TR/xhtml1/DTD/xhtml1-transitional.dtd">
<html xmlns="http://www.w3.org/1999/xhtml" xml:lang="en" lang="en">
 <head>
  <title>
</title>
<meta http-equiv="Content-Type" content="text/html;charset=utf-8" />
  <meta name='ocr-system' content='tesseract 3.04.00' />
  <meta name='ocr-capabilities' content='ocr_page ocr_carea ocr_par ocr_line ocrx_word'/>
</head>
<body>
  <div class='ocr_page' id='page_1' title='image "./herodotihistori07herogoog_0113.png"; bbox 0 0 2640 3960; ppageno 0'>
   <div class='ocr_carea' id='block_1_1' title="bbox 214 202 816 305">
    <p class='ocr_par' dir='ltr' id='par_1_1' title="bbox 214 202 816 305">
     <span class='ocr_line' id='line_1_1' title="bbox 214 202 816 305; baseline 0 -13"><span class='ocrx_word' id='word_1_1' title='bbox 214 241 259 305; x_wconf 81' lang='lat'><strong><em>56</em></strong></span> <span class='ocrx_word' id='word_1_2' title='bbox 522 202 524 209; x_wconf 64' lang='grc'><strong>’</strong></span> <span class='ocrx_word' id='word_1_3' title='bbox 629 237 816 294; x_wconf 75' lang='grc' dir='ltr'><strong><em>εεεοοοει</em></strong></span> 
     </span>
    </p>
   </div>
   <div class='ocr_carea' id='block_1_2' title="bbox 160 382 1302 3541">
    <p class='ocr_par' dir='ltr' id='par_1_2' title="bbox 212 382 1300 1000">
     <span class='ocr_line' id='line_1_2' title="bbox 212 382 1226 468; baseline 0 -20"><span class='ocrx_word' id='word_1_4' title='bbox 212 383 339 466; x_wconf 79' lang='grc' dir='ltr'><strong><em>ἐνῆσαν</em></strong></span> <span class='ocrx_word' id='word_1_5' title='bbox 362 383 398 448; x_wconf 91' lang='grc' dir='ltr'><strong><em>έν</em></strong></span> <span class='ocrx_word' id='word_1_6' title='bbox 420 392 459 468; x_wconf 79' lang='grc' dir='ltr'><strong><em>τῇ</em></strong></span> <span class='ocrx_word' id='word_1_7' title='bbox 482 385 573 466; x_wconf 87' lang='grc' dir='ltr'><strong><em>πόλι,</em></strong></span> <span class='ocrx_word' id='word_1_8' title='bbox 597 382 870 468; x_wconf 75' lang='grc' dir='ltr'><strong><em>ἀπολαμφθέντες</em></strong></span> <span class='ocrx_word' id='word_1_9' title='bbox 888 383 1057 448; x_wconf 77' lang='grc' dir='ltr'><strong><em>πάντοθεν</em></strong></span> <span class='ocrx_word' id='word_1_10' title='bbox 1075 383 1160 448; x_wconf 81' lang='grc' dir='ltr'><strong><em>ὥστε</em></strong></span> <span class='ocrx_word' id='word_1_11' title='bbox 1184 385 1226 449; x_wconf 85' lang='grc' dir='ltr'><strong><em>τά</em></strong></span> 
     </span>
     <span class='ocr_line' id='line_1_3' title="bbox 212 487 1225 574; baseline 0.002 -20"><span class='ocrx_word' id='word_1_12' title='bbox 212 487 410 574; x_wconf 79' lang='grc' dir='ltr'><strong><em>περιέσχατα</em></strong></span> <span class='ocrx_word' id='word_1_13' title='bbox 437 488 622 574; x_wconf 84' lang='grc' dir='ltr'><strong><em>νεμομένου</em></strong></span> <span class='ocrx_word' id='word_1_14' title='bbox 648 498 709 555; x_wconf 86' lang='grc' dir='ltr'><strong><em>τοῦ</em></strong></span> <span class='ocrx_word' id='word_1_15' title='bbox 731 490 836 574; x_wconf 88' lang='grc' dir='ltr'><strong><em>πυρὸς</em></strong></span> <span class='ocrx_word' id='word_1_16' title='bbox 857 487 913 554; x_wconf 84' lang='grc' dir='ltr'><strong><em>καὶ</em></strong></span> <span class='ocrx_word' id='word_1_17' title='bbox 936 489 997 553; x_wconf 87' lang='grc' dir='ltr'><strong><em>οὐκ</em></strong></span> <span class='ocrx_word' id='word_1_18' title='bbox 1019 491 1151 573; x_wconf 81' lang='grc' dir='ltr'><strong><em>ἔχοντες</em></strong></span> <span class='ocrx_word' id='word_1_19' title='bbox 1174 489 1225 568; x_wconf 87' lang='grc' dir='ltr'><strong><em>ἐξ·</em></strong></span> 
     </span>
     <span class='ocr_line' id='line_1_4' title="bbox 214 593 1300 684; baseline 0.001 -24"><span class='ocrx_word' id='word_1_20' title='bbox 214 598 336 678; x_wconf 78' lang='grc' dir='ltr'><strong><em>ήλυσιν</em></strong></span> <span class='ocrx_word' id='word_1_21' title='bbox 355 596 390 662; x_wconf 92' lang='grc' dir='ltr'><strong><em>ἐκ</em></strong></span> <span class='ocrx_word' id='word_1_22' title='bbox 408 605 468 662; x_wconf 91' lang='grc' dir='ltr'><strong><em>τοῦ</em></strong></span> <span class='ocrx_word' id='word_1_23' title='bbox 487 597 611 678; x_wconf 86' lang='grc' dir='ltr'><strong><em>ἀστεος,</em></strong></span> <span class='ocrx_word' id='word_1_24' title='bbox 635 593 816 682; x_wconf 80' lang='grc' dir='ltr'><strong><em>συνέρρεον</em></strong></span> <span class='ocrx_word' id='word_1_25' title='bbox 834 597 867 671; x_wconf 85' lang='grc' dir='ltr'><strong><em>ές</em></strong></span> <span class='ocrx_word' id='word_1_26' title='bbox 884 618 918 660; x_wconf 91' lang='grc' dir='ltr'><strong><em>τε</em></strong></span> <span class='ocrx_word' id='word_1_27' title='bbox 936 597 997 678; x_wconf 79' lang='grc' dir='ltr'><strong><em>τὴν</em></strong></span> <span class='ocrx_word' id='word_1_28' title='bbox 1018 595 1145 681; x_wconf 81' lang='grc' dir='ltr'><strong><em>ἀγορὴν</em></strong></span> <span class='ocrx_word' id='word_1_29' title='bbox 1167 594 1226 661; x_wconf 81' lang='grc' dir='ltr'><strong><em>καὶ</em></strong></span> <span class='ocrx_word' id='word_1_30' title='bbox 1299 660 1300 684; x_wconf 61' lang='grc'><strong><em>,</em></strong></span> 
     </span>
     <span class='ocr_line' id='line_1_5' title="bbox 214 689 1300 787; baseline -0.002 -21"><span class='ocrx_word' id='word_1_31' title='bbox 214 698 269 766; x_wconf 80' lang='grc' dir='ltr'><strong><em>έπὶ</em></strong></span> <span class='ocrx_word' id='word_1_32' title='bbox 286 703 346 766; x_wconf 88' lang='grc' dir='ltr'><strong><em>τὸν</em></strong></span> <span class='ocrx_word' id='word_1_33' title='bbox 360 703 543 768; x_wconf 77' lang='grc' dir='ltr'><strong><em>Πακτωλὸν</em></strong></span> <span class='ocrx_word' id='word_1_34' title='bbox 556 704 715 786; x_wconf 89' lang='grc' dir='ltr'><strong><em>ποταμόν,</em></strong></span> <span class='ocrx_word' id='word_1_35' title='bbox 734 701 770 778; x_wconf 84' lang='grc' dir='ltr'><strong><em>ὅς</em></strong></span> <span class='ocrx_word' id='word_1_36' title='bbox 784 717 845 785; x_wconf 90' lang='grc' dir='ltr'><strong><em>σφι</em></strong></span> <span class='ocrx_word' id='word_1_37' title='bbox 858 711 972 786; x_wconf 77' lang='grc' dir='ltr'><strong><em>ψῆγμα</em></strong></span> <span class='ocrx_word' id='word_1_38' title='bbox 985 714 1112 787; x_wconf 79' lang='grc' dir='ltr'><strong><em>χρυσοῦ</em></strong></span> <span class='ocrx_word' id='word_1_39' title='bbox 1126 726 1225 768; x_wconf 84' lang='grc' dir='ltr'><strong><em>κατα·</em></strong></span> <span class='ocrx_word' id='word_1_40' title='bbox 1299 689 1300 764; x_wconf 62' lang='lat' dir='ltr'>J</span> 
     </span>
     <span class='ocr_line' id='line_1_6' title="bbox 214 799 1300 894; baseline 0.001 -23"><span class='ocrx_word' id='word_1_41' title='bbox 214 806 349 894; x_wconf 84' lang='grc' dir='ltr'><strong><em>φορέων</em></strong></span> <span class='ocrx_word' id='word_1_42' title='bbox 373 808 409 874; x_wconf 90' lang='grc' dir='ltr'><strong><em>ἐκ</em></strong></span> <span class='ocrx_word' id='word_1_43' title='bbox 430 817 490 875; x_wconf 88' lang='grc' dir='ltr'><strong><em>τοῦ</em></strong></span> <span class='ocrx_word' id='word_1_44' title='bbox 513 809 652 893; x_wconf 90' lang='grc' dir='ltr'><strong><em>Τμώλου</em></strong></span> <span class='ocrx_word' id='word_1_45' title='bbox 675 808 730 872; x_wconf 89' lang='grc' dir='ltr'><strong><em>διά</em></strong></span> <span class='ocrx_word' id='word_1_46' title='bbox 748 806 848 891; x_wconf 83' lang='grc' dir='ltr'><strong><em>μέσης</em></strong></span> <span class='ocrx_word' id='word_1_47' title='bbox 865 816 923 890; x_wconf 84' lang='grc' dir='ltr'><strong><em>τῆς</em></strong></span> <span class='ocrx_word' id='word_1_48' title='bbox 942 807 1064 892; x_wconf 82' lang='grc' dir='ltr'><strong><em>ἀγορῆς</em></strong></span> <span class='ocrx_word' id='word_1_49' title='bbox 1082 807 1151 894; x_wconf 75' lang='grc' dir='ltr'><strong><em>ῥέει</em></strong></span> <span class='ocrx_word' id='word_1_50' title='bbox 1168 807 1225 872; x_wconf 83' lang='grc' dir='ltr'><strong><em>καλ</em></strong></span> <span class='ocrx_word' id='word_1_51' title='bbox 1299 799 1300 806; x_wconf 33' lang='lat'>¹</span> 
     </span>
     <span class='ocr_line' id='line_1_7' title="bbox 214 910 1225 1000; baseline 0 -22"><span class='ocrx_word' id='word_1_52' title='bbox 214 915 326 978; x_wconf 79' lang='grc' dir='ltr'><strong><em>ἔπειτα</em></strong></span> <span class='ocrx_word' id='word_1_53' title='bbox 349 914 382 991; x_wconf 88' lang='grc' dir='ltr'><strong><em>ἐς</em></strong></span> <span class='ocrx_word' id='word_1_54' title='bbox 403 915 463 980; x_wconf 86' lang='grc' dir='ltr'><strong><em>τὸν</em></strong></span> <span class='ocrx_word' id='word_1_55' title='bbox 478 912 603 1000; x_wconf 83' lang='grc' dir='ltr'><strong><em>Ἕρμον</em></strong></span> <span class='ocrx_word' id='word_1_56' title='bbox 621 912 770 996; x_wconf 84' lang='grc' dir='ltr'><strong><em>ποταμὸν</em></strong></span> <span class='ocrx_word' id='word_1_57' title='bbox 788 912 929 996; x_wconf 80' lang='grc' dir='ltr'><strong><em>ἐκδιδοῖ,</em></strong></span> <span class='ocrx_word' id='word_1_58' title='bbox 953 912 971 979; x_wconf 84' lang='grc' dir='ltr'>ὁ</span> <span class='ocrx_word' id='word_1_59' title='bbox 991 910 1028 978; x_wconf 76' lang='grc' dir='ltr'><strong><em>δὲ</em></strong></span> <span class='ocrx_word' id='word_1_60' title='bbox 1047 913 1080 990; x_wconf 90' lang='grc' dir='ltr'><strong><em>ἐς</em></strong></span> <span class='ocrx_word' id='word_1_61' title='bbox 1097 914 1225 978; x_wconf 89' lang='grc' dir='ltr'><strong><em>θάλασ-</em></strong></span> 
     </span>
    </p>

    <p class='ocr_par' dir='ltr' id='par_1_3' title="bbox 168 1005 1301 1633">
     <span class='ocr_line' id='line_1_8' title="bbox 168 1005 1224 1104; baseline 0 -20"><span class='ocrx_word' id='word_1_62' title='bbox 168 1005 175 1026; x_wconf 78' lang='grc'><em>’</em></span> <span class='ocrx_word' id='word_1_63' title='bbox 213 1036 294 1084; x_wconf 86' lang='grc' dir='ltr'><strong><em>σαν·</em></strong></span> <span class='ocrx_word' id='word_1_64' title='bbox 317 1017 370 1084; x_wconf 81' lang='grc' dir='ltr'><strong><em>ἐπὶ</em></strong></span> <span class='ocrx_word' id='word_1_65' title='bbox 392 1029 511 1085; x_wconf 90' lang='grc' dir='ltr'><strong><em>τοῦτον</em></strong></span> <span class='ocrx_word' id='word_1_66' title='bbox 536 1020 577 1102; x_wconf 76' lang='grc' dir='ltr'><strong><em>δὴ</em></strong></span> <span class='ocrx_word' id='word_1_67' title='bbox 600 1020 659 1083; x_wconf 90' lang='grc' dir='ltr'><strong><em>τὸν</em></strong></span> <span class='ocrx_word' id='word_1_68' title='bbox 677 1019 860 1083; x_wconf 87' lang='grc' dir='ltr'><strong><em>Πακτωλὸν</em></strong></span> <span class='ocrx_word' id='word_1_69' title='bbox 882 1015 937 1082; x_wconf 80' lang='grc' dir='ltr'><strong><em>καὶ</em></strong></span> <span class='ocrx_word' id='word_1_70' title='bbox 960 1018 994 1094; x_wconf 91' lang='grc' dir='ltr'><strong><em>ἐς</em></strong></span> <span class='ocrx_word' id='word_1_71' title='bbox 1016 1020 1077 1101; x_wconf 79' lang='grc' dir='ltr'><strong><em>τὴν</em></strong></span> <span class='ocrx_word' id='word_1_72' title='bbox 1096 1018 1224 1104; x_wconf 77' lang='grc' dir='ltr'><strong><em>ἀγορὴν</em></strong></span> 
     </span>
     <span class='ocr_line' id='line_1_9' title="bbox 213 1121 1224 1210; baseline -0.001 -21"><span class='ocrx_word' id='word_1_73' title='bbox 213 1125 449 1210; x_wconf 80' lang='grc' dir='ltr'><strong><em>ἀθροιζόμενοι</em></strong></span> <span class='ocrx_word' id='word_1_74' title='bbox 473 1125 562 1190; x_wconf 82' lang='grc' dir='ltr'><strong><em>οἵτε</em></strong></span> <span class='ocrx_word' id='word_1_75' title='bbox 585 1122 693 1189; x_wconf 81' lang='grc' dir='ltr'><strong><em>Λυδοὶ</em></strong></span> <span class='ocrx_word' id='word_1_76' title='bbox 715 1121 770 1188; x_wconf 80' lang='grc' dir='ltr'><strong><em>καὶ</em></strong></span> <span class='ocrx_word' id='word_1_77' title='bbox 793 1123 828 1188; x_wconf 89' lang='grc' dir='ltr'><strong><em>οί</em></strong></span> <span class='ocrx_word' id='word_1_78' title='bbox 848 1122 977 1210; x_wconf 92' lang='grc' dir='ltr'><strong><em>Πέρσαι</em></strong></span> <span class='ocrx_word' id='word_1_79' title='bbox 998 1124 1224 1207; x_wconf 76' lang='grc' dir='ltr'><strong><em>ἠναγκάζοντο</em></strong></span> 
     </span>
     <span class='ocr_line' id='line_1_10' title="bbox 213 1227 1225 1315; baseline 0.002 -20"><span class='ocrx_word' id='word_1_80' title='bbox 213 1230 412 1315; x_wconf 88' lang='grc' dir='ltr'><strong><em>ἀμύνεσθαι.</em></strong></span> <span class='ocrx_word' id='word_1_81' title='bbox 444 1230 480 1296; x_wconf 83' lang='grc' dir='ltr'><strong><em>οί</em></strong></span> <span class='ocrx_word' id='word_1_82' title='bbox 495 1227 532 1296; x_wconf 73' lang='grc' dir='ltr'><strong><em>δέ</em></strong></span> <span class='ocrx_word' id='word_1_83' title='bbox 544 1229 659 1306; x_wconf 82' lang='grc' dir='ltr'><strong><em>Ἴωνες</em></strong></span> <span class='ocrx_word' id='word_1_84' title='bbox 672 1229 813 1315; x_wconf 81' lang='grc' dir='ltr'><strong><em>δρῶντες</em></strong></span> <span class='ocrx_word' id='word_1_85' title='bbox 826 1232 905 1306; x_wconf 86' lang='grc' dir='ltr'><strong><em>τοὺς</em></strong></span> <span class='ocrx_word' id='word_1_86' title='bbox 918 1227 979 1314; x_wconf 77' lang='grc' dir='ltr'><strong><em>μὲν</em></strong></span> <span class='ocrx_word' id='word_1_87' title='bbox 993 1229 1225 1315; x_wconf 83' lang='grc' dir='ltr'><strong><em>ἀμυνομένους</em></strong></span> 
     </span>
     <span class='ocr_line' id='line_1_11' title="bbox 211 1333 1224 1424; baseline 0.001 -24"><span class='ocrx_word' id='word_1_88' title='bbox 211 1347 282 1401; x_wconf 79' lang='grc' dir='ltr'><strong><em>τῶν</em></strong></span> <span class='ocrx_word' id='word_1_89' title='bbox 304 1338 486 1420; x_wconf 88' lang='grc' dir='ltr'><strong><em>πολεμίων,</em></strong></span> <span class='ocrx_word' id='word_1_90' title='bbox 510 1338 589 1412; x_wconf 86' lang='grc' dir='ltr'><strong><em>τοὺς</em></strong></span> <span class='ocrx_word' id='word_1_91' title='bbox 611 1333 648 1400; x_wconf 74' lang='grc' dir='ltr'><strong><em>δὲ</em></strong></span> <span class='ocrx_word' id='word_1_92' title='bbox 672 1338 735 1401; x_wconf 91' lang='grc' dir='ltr'><strong><em>σὺν</em></strong></span> <span class='ocrx_word' id='word_1_93' title='bbox 757 1337 881 1418; x_wconf 75' lang='grc' dir='ltr'><strong><em>πλήθει·</em></strong></span> <span class='ocrx_word' id='word_1_94' title='bbox 900 1341 1011 1424; x_wconf 77' lang='grc' dir='ltr'><strong><em>πολλῷ</em></strong></span> <span class='ocrx_word' id='word_1_95' title='bbox 1035 1354 1224 1420; x_wconf 89' lang='grc' dir='ltr'><strong><em>προσφερο-</em></strong></span> 
     </span>
     <span class='ocr_line' id='line_1_12' title="bbox 213 1441 1301 1528; baseline 0 -20"><span class='ocrx_word' id='word_1_96' title='bbox 213 1442 337 1528; x_wconf 86' lang='grc' dir='ltr'><strong><em>μένους</em></strong></span> <span class='ocrx_word' id='word_1_97' title='bbox 351 1441 598 1528; x_wconf 85' lang='grc' dir='ltr'><strong><em>ἐξανεχώρησαν</em></strong></span> <span class='ocrx_word' id='word_1_98' title='bbox 613 1443 780 1518; x_wconf 91' lang='grc' dir='ltr'><strong><em>δείσαντες</em></strong></span> <span class='ocrx_word' id='word_1_99' title='bbox 793 1443 876 1527; x_wconf 84' lang='grc' dir='ltr'><strong><em>πρὸς</em></strong></span> <span class='ocrx_word' id='word_1_100' title='bbox 888 1443 926 1507; x_wconf 90' lang='grc' dir='ltr'><strong><em>τὸ</em></strong></span> <span class='ocrx_word' id='word_1_101' title='bbox 940 1444 1019 1527; x_wconf 82' lang='grc' dir='ltr'><strong><em>όρος</em></strong></span> <span class='ocrx_word' id='word_1_102' title='bbox 1031 1444 1069 1506; x_wconf 88' lang='grc' dir='ltr'><strong><em>τὸ</em></strong></span> <span class='ocrx_word' id='word_1_103' title='bbox 1083 1447 1223 1527; x_wconf 79' lang='grc' dir='ltr'><strong><em>Τμῶλον</em></strong></span> <span class='ocrx_word' id='word_1_104' title='bbox 1300 1479 1301 1492; x_wconf 44' lang='lat'>¹</span> 
     </span>
     <span class='ocr_line' id='line_1_13' title="bbox 213 1545 1301 1633; baseline 0 -19"><span class='ocrx_word' id='word_1_105' title='bbox 213 1551 427 1633; x_wconf 85' lang='grc' dir='ltr'><strong><em>καλεόμενον,</em></strong></span> <span class='ocrx_word' id='word_1_106' title='bbox 451 1547 609 1613; x_wconf 82' lang='grc' dir='ltr'><strong><em>ἐνθεῦτεν</em></strong></span> <span class='ocrx_word' id='word_1_107' title='bbox 632 1545 669 1612; x_wconf 75' lang='grc' dir='ltr'><strong><em>δέ</em></strong></span> <span class='ocrx_word' id='word_1_108' title='bbox 692 1547 756 1613; x_wconf 91' lang='grc' dir='ltr'><strong><em>ὑπὸ</em></strong></span> <span class='ocrx_word' id='word_1_109' title='bbox 779 1549 881 1612; x_wconf 87' lang='grc' dir='ltr'><strong><em>νύκτα</em></strong></span> <span class='ocrx_word' id='word_1_110' title='bbox 900 1549 1151 1615; x_wconf 82' lang='grc' dir='ltr'><strong><em>ἀπαλλάσσοντο</em></strong></span> <span class='ocrx_word' id='word_1_111' title='bbox 1170 1548 1224 1614; x_wconf 78' lang='grc' dir='ltr'><strong><em>ἐπὶ</em></strong></span> <span class='ocrx_word' id='word_1_112' title='bbox 1300 1565 1301 1606; x_wconf 65' lang='grc' dir='ltr'>ἐ</span> 
     </span>
    </p>

    <p class='ocr_par' dir='ltr' id='par_1_4' title="bbox 162 1649 1302 3213">
     <span class='ocr_line' id='line_1_14' title="bbox 162 1649 1225 1740; baseline 0.001 -21"><span class='ocrx_word' id='word_1_113' title='bbox 162 1677 216 1728; x_wconf 78' lang='lat'><strong><em>1⁰2</em></strong></span> <span class='ocrx_word' id='word_1_114' title='bbox 224 1657 283 1731; x_wconf 84' lang='grc' dir='ltr'><strong><em>τὰς</em></strong></span> <span class='ocrx_word' id='word_1_115' title='bbox 299 1653 385 1730; x_wconf 84' lang='grc' dir='ltr'><strong><em>νέας.</em></strong></span> <span class='ocrx_word' id='word_1_116' title='bbox 416 1651 471 1717; x_wconf 81' lang='grc' dir='ltr'><strong><em>καὶ</em></strong></span> <span class='ocrx_word' id='word_1_117' title='bbox 486 1653 629 1738; x_wconf 83' lang='grc' dir='ltr'><strong><em>Σάρδιες</em></strong></span> <span class='ocrx_word' id='word_1_118' title='bbox 642 1649 702 1737; x_wconf 73' lang='grc' dir='ltr'><strong><em>μὲν</em></strong></span> <span class='ocrx_word' id='word_1_119' title='bbox 717 1653 982 1738; x_wconf 82' lang='grc' dir='ltr'><strong><em>ἐνεπρήσθησαν,</em></strong></span> <span class='ocrx_word' id='word_1_120' title='bbox 1001 1653 1038 1719; x_wconf 91' lang='grc' dir='ltr'><strong><em>ἐν</em></strong></span> <span class='ocrx_word' id='word_1_121' title='bbox 1053 1651 1090 1718; x_wconf 77' lang='grc' dir='ltr'><strong><em>δέ</em></strong></span> <span class='ocrx_word' id='word_1_122' title='bbox 1104 1655 1225 1740; x_wconf 75' lang='grc' dir='ltr'><strong><em>αὐτῇσι</em></strong></span> 
     </span>
     <span class='ocr_line' id='line_1_15' title="bbox 212 1758 1224 1845; baseline 0.001 -20"><span class='ocrx_word' id='word_1_123' title='bbox 212 1758 270 1825; x_wconf 79' lang='grc' dir='ltr'><strong><em>καὶ</em></strong></span> <span class='ocrx_word' id='word_1_124' title='bbox 300 1760 375 1845; x_wconf 89' lang='grc' dir='ltr'><strong><em>ίρὸν</em></strong></span> <span class='ocrx_word' id='word_1_125' title='bbox 407 1758 582 1843; x_wconf 78' lang='grc' dir='ltr'><strong><em>ἐπιχωρίης</em></strong></span> <span class='ocrx_word' id='word_1_126' title='bbox 612 1765 697 1824; x_wconf 87' lang='grc' dir='ltr'><strong><em>θεοῦ</em></strong></span> <span class='ocrx_word' id='word_1_127' title='bbox 724 1762 900 1843; x_wconf 77' lang='grc' dir='ltr'><strong><em>Κυβήβης,</em></strong></span> <span class='ocrx_word' id='word_1_128' title='bbox 931 1761 969 1824; x_wconf 91' lang='grc' dir='ltr'><strong><em>τὸ</em></strong></span> <span class='ocrx_word' id='word_1_129' title='bbox 1001 1763 1224 1845; x_wconf 83' lang='grc' dir='ltr'><strong><em>σκηπτόμενοι</em></strong></span> 
     </span>
     <span class='ocr_line' id='line_1_16' title="bbox 213 1863 1223 1954; baseline 0.002 -23"><span class='ocrx_word' id='word_1_130' title='bbox 213 1863 344 1950; x_wconf 90' lang='grc' dir='ltr'><strong><em>Πέρσαι</em></strong></span> <span class='ocrx_word' id='word_1_131' title='bbox 371 1865 512 1950; x_wconf 79' lang='grc' dir='ltr'><strong><em>ὕστερον</em></strong></span> <span class='ocrx_word' id='word_1_132' title='bbox 540 1865 846 1952; x_wconf 86' lang='grc' dir='ltr'><strong><em>ἀντενεπίμπρασαν</em></strong></span> <span class='ocrx_word' id='word_1_133' title='bbox 872 1867 912 1929; x_wconf 87' lang='grc' dir='ltr'><strong><em>τά</em></strong></span> <span class='ocrx_word' id='word_1_134' title='bbox 939 1865 976 1930; x_wconf 89' lang='grc' dir='ltr'><strong><em>έν</em></strong></span> <span class='ocrx_word' id='word_1_135' title='bbox 995 1863 1133 1949; x_wconf 83' lang='grc' dir='ltr'><strong><em>Ἕλλησι</em></strong></span> <span class='ocrx_word' id='word_1_136' title='bbox 1159 1869 1223 1954; x_wconf 87' lang='grc' dir='ltr'><strong><em>ίρά.</em></strong></span> 
     </span>
     <span class='ocr_line' id='line_1_17' title="bbox 212 1967 1223 2058; baseline 0.002 -21"><span class='ocrx_word' id='word_1_137' title='bbox 212 1975 287 2038; x_wconf 89' lang='grc' dir='ltr'><strong><em>τότε</em></strong></span> <span class='ocrx_word' id='word_1_138' title='bbox 320 1967 356 2037; x_wconf 73' lang='grc' dir='ltr'><strong><em>δέ</em></strong></span> <span class='ocrx_word' id='word_1_139' title='bbox 389 1971 424 2036; x_wconf 80' lang='grc' dir='ltr'><strong><em>οἱ</em></strong></span> <span class='ocrx_word' id='word_1_140' title='bbox 444 1971 572 2058; x_wconf 90' lang='grc' dir='ltr'><strong><em>Πέρσαι</em></strong></span> <span class='ocrx_word' id='word_1_141' title='bbox 600 1974 635 2038; x_wconf 86' lang='grc' dir='ltr'><strong><em>οί</em></strong></span> <span class='ocrx_word' id='word_1_142' title='bbox 659 1972 752 2048; x_wconf 83' lang='grc' dir='ltr'><strong><em>ἐντὸς</em></strong></span> <span class='ocrx_word' id='word_1_143' title='bbox 775 1969 894 2047; x_wconf 71' lang='grc' dir='ltr'><strong><em>’Ἅλυος</em></strong></span> <span class='ocrx_word' id='word_1_144' title='bbox 920 1981 1070 2055; x_wconf 84' lang='grc' dir='ltr'><strong><em>ποταμοῦ</em></strong></span> <span class='ocrx_word' id='word_1_145' title='bbox 1097 1977 1223 2058; x_wconf 85' lang='grc' dir='ltr'><strong><em>νομοὺς</em></strong></span> 
     </span>
     <span class='ocr_line' id='line_1_18' title="bbox 213 2077 1302 2165; baseline 0 -21"><span class='ocrx_word' id='word_1_146' title='bbox 213 2081 345 2163; x_wconf 81' lang='grc' dir='ltr'><strong><em>ἔχοντες</em></strong></span> <span class='ocrx_word' id='word_1_147' title='bbox 366 2081 683 2165; x_wconf 87' lang='grc' dir='ltr'><strong><em>προπυνθανόμενοι</em></strong></span> <span class='ocrx_word' id='word_1_148' title='bbox 700 2087 803 2142; x_wconf 89' lang='grc' dir='ltr'><strong><em>ταῦτα</em></strong></span> <span class='ocrx_word' id='word_1_149' title='bbox 821 2080 1036 2160; x_wconf 82' lang='grc' dir='ltr'><strong><em>συνηλίζοντο</em></strong></span> <span class='ocrx_word' id='word_1_150' title='bbox 1054 2077 1110 2143; x_wconf 82' lang='grc' dir='ltr'><strong><em>καὶ</em></strong></span> <span class='ocrx_word' id='word_1_151' title='bbox 1128 2079 1223 2164; x_wconf 81' lang='grc' dir='ltr'><strong><em>ἐβοη-</em></strong></span> <span class='ocrx_word' id='word_1_152' title='bbox 1301 2135 1302 2164; x_wconf 72' lang='grc'><strong><em>,</em></strong></span> 
     </span>
     <span class='ocr_line' id='line_1_19' title="bbox 211 2180 1302 2270; baseline 0.001 -21"><span class='ocrx_word' id='word_1_153' title='bbox 211 2191 298 2250; x_wconf 87' lang='grc' dir='ltr'><strong><em>θεον</em></strong></span> <span class='ocrx_word' id='word_1_154' title='bbox 325 2196 412 2250; x_wconf 81' lang='grc' dir='ltr'><strong><em>τοῖσι</em></strong></span> <span class='ocrx_word' id='word_1_155' title='bbox 434 2186 586 2251; x_wconf 82' lang='grc' dir='ltr'><strong><em>Λυδοῖσι.</em></strong></span> <span class='ocrx_word' id='word_1_156' title='bbox 630 2187 688 2248; x_wconf 90' lang='grc' dir='ltr'><strong><em>καί</em></strong></span> <span class='ocrx_word' id='word_1_157' title='bbox 707 2207 772 2260; x_wconf 90' lang='grc' dir='ltr'><strong><em>κως</em></strong></span> <span class='ocrx_word' id='word_1_158' title='bbox 800 2183 836 2249; x_wconf 92' lang='grc' dir='ltr'><strong><em>ἐν</em></strong></span> <span class='ocrx_word' id='word_1_159' title='bbox 859 2180 920 2268; x_wconf 74' lang='grc' dir='ltr'><strong><em>μέν</em></strong></span> <span class='ocrx_word' id='word_1_160' title='bbox 942 2185 1088 2270; x_wconf 79' lang='grc' dir='ltr'><strong><em>Σάρδισι</em></strong></span> <span class='ocrx_word' id='word_1_161' title='bbox 1112 2184 1222 2252; x_wconf 87' lang='grc' dir='ltr'><strong><em>οὐκέτι</em></strong></span> <span class='ocrx_word' id='word_1_162' title='bbox 1301 2181 1302 2230; x_wconf 80' lang='lat'><em>3</em></span> 
     </span>
     <span class='ocr_line' id='line_1_20' title="bbox 213 2287 1222 2376; baseline 0.003 -22"><span class='ocrx_word' id='word_1_163' title='bbox 213 2289 330 2365; x_wconf 89' lang='grc' dir='ltr'><strong><em>ἐόντας</em></strong></span> <span class='ocrx_word' id='word_1_164' title='bbox 346 2293 425 2366; x_wconf 89' lang='grc' dir='ltr'><strong><em>τοὺς</em></strong></span> <span class='ocrx_word' id='word_1_165' title='bbox 434 2289 553 2366; x_wconf 80' lang='grc' dir='ltr'><strong><em>Ἴωνας</em></strong></span> <span class='ocrx_word' id='word_1_166' title='bbox 571 2289 773 2373; x_wconf 86' lang='grc' dir='ltr'><strong><em>εὑρίσκουσι,</em></strong></span> <span class='ocrx_word' id='word_1_167' title='bbox 792 2287 945 2374; x_wconf 80' lang='grc' dir='ltr'><strong><em>ἑπόμενοι</em></strong></span> <span class='ocrx_word' id='word_1_168' title='bbox 959 2287 996 2354; x_wconf 70' lang='grc' dir='ltr'><strong><em>δέ</em></strong></span> <span class='ocrx_word' id='word_1_169' title='bbox 1009 2291 1091 2355; x_wconf 89' lang='grc' dir='ltr'><strong><em>κατά</em></strong></span> <span class='ocrx_word' id='word_1_170' title='bbox 1105 2295 1222 2376; x_wconf 83' lang='grc' dir='ltr'><strong><em>στίβον</em></strong></span> 
     </span>
     <span class='ocr_line' id='line_1_21' title="bbox 213 2391 1225 2482; baseline 0.005 -24"><span class='ocrx_word' id='word_1_171' title='bbox 213 2393 364 2477; x_wconf 81' lang='grc' dir='ltr'><strong><em>αἱρέουσι</em></strong></span> <span class='ocrx_word' id='word_1_172' title='bbox 387 2394 508 2471; x_wconf 85' lang='grc' dir='ltr'><strong><em>αὐτοὺς</em></strong></span> <span class='ocrx_word' id='word_1_173' title='bbox 530 2395 567 2460; x_wconf 91' lang='grc' dir='ltr'><strong><em>ἐν</em></strong></span> <span class='ocrx_word' id='word_1_174' title='bbox 586 2391 723 2482; x_wconf 77' lang='grc' dir='ltr'><strong><em>Ἐφέσῳ.</em></strong></span> <span class='ocrx_word' id='word_1_175' title='bbox 758 2393 813 2460; x_wconf 75' lang='grc' dir='ltr'><strong><em>καὶ</em></strong></span> <span class='ocrx_word' id='word_1_176' title='bbox 836 2395 1085 2480; x_wconf 86' lang='grc' dir='ltr'><strong><em>ἀντετάχθησαν</em></strong></span> <span class='ocrx_word' id='word_1_177' title='bbox 1108 2394 1171 2482; x_wconf 75' lang='grc' dir='ltr'><strong><em>μὲν</em></strong></span> <span class='ocrx_word' id='word_1_178' title='bbox 1189 2399 1225 2463; x_wconf 83' lang='grc' dir='ltr'><strong><em>οί</em></strong></span> 
     </span>
     <span class='ocr_line' id='line_1_22' title="bbox 212 2497 1221 2584; baseline 0.005 -19"><span class='ocrx_word' id='word_1_179' title='bbox 212 2497 345 2581; x_wconf 80' lang='grc' dir='ltr'><strong><em>Ἴωνες,</em></strong></span> <span class='ocrx_word' id='word_1_180' title='bbox 361 2502 592 2584; x_wconf 75' lang='grc' dir='ltr'><strong><em>’συμβαλόντες</em></strong></span> <span class='ocrx_word' id='word_1_181' title='bbox 615 2497 652 2566; x_wconf 72' lang='grc' dir='ltr'><strong><em>δὲ</em></strong></span> <span class='ocrx_word' id='word_1_182' title='bbox 674 2501 798 2566; x_wconf 91' lang='grc' dir='ltr'><strong><em>πολλὸν</em></strong></span> <span class='ocrx_word' id='word_1_183' title='bbox 822 2498 1028 2584; x_wconf 83' lang='grc' dir='ltr'><strong><em>ἑσσώθησαν.</em></strong></span> <span class='ocrx_word' id='word_1_184' title='bbox 1064 2501 1121 2568; x_wconf 83' lang='grc' dir='ltr'><strong><em>καὶ</em></strong></span> <span class='ocrx_word' id='word_1_185' title='bbox 1143 2509 1221 2570; x_wconf 89' lang='grc' dir='ltr'><strong><em>πολ-</em></strong></span> 
     </span>
     <span class='ocr_line' id='line_1_23' title="bbox 212 2605 1221 2694; baseline 0.005 -24"><span class='ocrx_word' id='word_1_186' title='bbox 212 2607 295 2682; x_wconf 84' lang='grc' dir='ltr'><strong><em>λοὺς</em></strong></span> <span class='ocrx_word' id='word_1_187' title='bbox 322 2605 432 2671; x_wconf 83' lang='grc' dir='ltr'><strong><em>αὐτῶν</em></strong></span> <span class='ocrx_word' id='word_1_188' title='bbox 459 2607 495 2671; x_wconf 85' lang='grc' dir='ltr'><strong><em>οί</em></strong></span> <span class='ocrx_word' id='word_1_189' title='bbox 515 2605 643 2692; x_wconf 87' lang='grc' dir='ltr'><strong><em>Πέρσαι</em></strong></span> <span class='ocrx_word' id='word_1_190' title='bbox 671 2607 869 2690; x_wconf 87' lang='grc' dir='ltr'><strong><em>φονεύουσι,</em></strong></span> <span class='ocrx_word' id='word_1_191' title='bbox 898 2608 1019 2684; x_wconf 85' lang='grc' dir='ltr'><strong><em>ἀλλους</em></strong></span> <span class='ocrx_word' id='word_1_192' title='bbox 1041 2631 1076 2674; x_wconf 90' lang='grc' dir='ltr'><strong><em>τε</em></strong></span> <span class='ocrx_word' id='word_1_193' title='bbox 1099 2608 1221 2694; x_wconf 91' lang='grc' dir='ltr'><strong><em>ὀνομα-</em></strong></span> 
     </span>
     <span class='ocr_line' id='line_1_24' title="bbox 212 2709 1302 2800; baseline 0.005 -24"><span class='ocrx_word' id='word_1_194' title='bbox 212 2712 328 2795; x_wconf 84' lang='grc' dir='ltr'><strong><em>στούς,</em></strong></span> <span class='ocrx_word' id='word_1_195' title='bbox 362 2711 398 2778; x_wconf 87' lang='grc' dir='ltr'><strong><em>ἐν</em></strong></span> <span class='ocrx_word' id='word_1_196' title='bbox 428 2709 465 2779; x_wconf 77' lang='grc' dir='ltr'><strong><em>δὲ</em></strong></span> <span class='ocrx_word' id='word_1_197' title='bbox 493 2713 533 2796; x_wconf 81' lang='grc' dir='ltr'><strong><em>δὴ</em></strong></span> <span class='ocrx_word' id='word_1_198' title='bbox 561 2711 616 2778; x_wconf 83' lang='grc' dir='ltr'><strong><em>καὶ</em></strong></span> <span class='ocrx_word' id='word_1_199' title='bbox 641 2713 832 2796; x_wconf 79' lang='grc' dir='ltr'><strong><em>Εὐαλκίδην</em></strong></span> <span class='ocrx_word' id='word_1_200' title='bbox 862 2712 1104 2799; x_wconf 78' lang='grc' dir='ltr'><strong><em>στρατηγέοντα</em></strong></span> <span class='ocrx_word' id='word_1_201' title='bbox 1134 2712 1221 2800; x_wconf 85' lang='grc' dir='ltr'><strong><em>Ἐρε-</em></strong></span> <span class='ocrx_word' id='word_1_202' title='bbox 1301 2781 1302 2786; x_wconf 69' lang='grc'><strong><em>,</em></strong></span> 
     </span>
     <span class='ocr_line' id='line_1_25' title="bbox 211 2818 1222 2906; baseline 0.002 -22"><span class='ocrx_word' id='word_1_203' title='bbox 211 2819 348 2906; x_wconf 89' lang='grc' dir='ltr'><strong><em>τριέων,</em></strong></span> <span class='ocrx_word' id='word_1_204' title='bbox 379 2820 654 2904; x_wconf 84' lang='grc' dir='ltr'><strong><em>στεφανηφόρους</em></strong></span> <span class='ocrx_word' id='word_1_205' title='bbox 679 2843 715 2884; x_wconf 93' lang='grc' dir='ltr'><strong><em>τε</em></strong></span> <span class='ocrx_word' id='word_1_206' title='bbox 742 2819 871 2902; x_wconf 85' lang='grc' dir='ltr'><strong><em>ἀγῶνας</em></strong></span> <span class='ocrx_word' id='word_1_207' title='bbox 898 2818 1143 2905; x_wconf 86' lang='grc' dir='ltr'><strong><em>ἀναραιρηκότα</em></strong></span> <span class='ocrx_word' id='word_1_208' title='bbox 1166 2820 1222 2886; x_wconf 85' lang='grc' dir='ltr'><strong><em>καὶ</em></strong></span> 
     </span>
     <span class='ocr_line' id='line_1_26' title="bbox 213 2925 1221 3011; baseline 0.003 -21"><span class='ocrx_word' id='word_1_209' title='bbox 213 2925 280 2990; x_wconf 78' lang='grc' dir='ltr'><strong><em>ὑπὸ</em></strong></span> <span class='ocrx_word' id='word_1_210' title='bbox 307 2927 503 3011; x_wconf 87' lang='grc' dir='ltr'><strong><em>Σιμωνίδεω</em></strong></span> <span class='ocrx_word' id='word_1_211' title='bbox 531 2934 591 2991; x_wconf 89' lang='grc' dir='ltr'><strong><em>τοῦ</em></strong></span> <span class='ocrx_word' id='word_1_212' title='bbox 614 2928 722 3008; x_wconf 85' lang='grc' dir='ltr'><strong><em>Κηίου</em></strong></span> <span class='ocrx_word' id='word_1_213' title='bbox 750 2926 856 2990; x_wconf 78' lang='grc' dir='ltr'><strong><em>πολλὰ</em></strong></span> <span class='ocrx_word' id='word_1_214' title='bbox 885 2925 1071 2991; x_wconf 82' lang='grc' dir='ltr'><strong><em>αἰνεθέντα.</em></strong></span> <span class='ocrx_word' id='word_1_215' title='bbox 1117 2931 1153 2993; x_wconf 82' lang='grc' dir='ltr'><strong><em>οἳ</em></strong></span> <span class='ocrx_word' id='word_1_216' title='bbox 1183 2925 1221 2993; x_wconf 75' lang='grc' dir='ltr'><strong><em>δὲ</em></strong></span> 
     </span>
     <span class='ocr_line' id='line_1_27' title="bbox 211 3029 1302 3115; baseline 0.002 -18"><span class='ocrx_word' id='word_1_217' title='bbox 211 3033 326 3097; x_wconf 84' lang='grc' dir='ltr'><strong><em>αὐτῶν</em></strong></span> <span class='ocrx_word' id='word_1_218' title='bbox 353 3030 526 3115; x_wconf 85' lang='grc' dir='ltr'><strong><em>ἀπέφυγον</em></strong></span> <span class='ocrx_word' id='word_1_219' title='bbox 551 3032 613 3115; x_wconf 82' lang='grc' dir='ltr'><strong><em>την</em></strong></span> <span class='ocrx_word' id='word_1_220' title='bbox 640 3031 762 3114; x_wconf 89' lang='grc' dir='ltr'><strong><em>μάχην,</em></strong></span> <span class='ocrx_word' id='word_1_221' title='bbox 795 3029 1045 3113; x_wconf 88' lang='grc' dir='ltr'><strong><em>ἐσκεδάσθησαν</em></strong></span> <span class='ocrx_word' id='word_1_222' title='bbox 1073 3033 1137 3098; x_wconf 83' lang='grc' dir='ltr'><strong><em>ἀνά</em></strong></span> <span class='ocrx_word' id='word_1_223' title='bbox 1163 3036 1222 3112; x_wconf 83' lang='grc' dir='ltr'><strong><em>τάς</em></strong></span> <span class='ocrx_word' id='word_1_224' title='bbox 1301 3087 1302 3090; x_wconf 18' lang='lat'>¹</span> 
     </span>
     <span class='ocr_line' id='line_1_28' title="bbox 212 3139 339 3213; baseline -0.008 -11"><span class='ocrx_word' id='word_1_225' title='bbox 212 3139 339 3213; x_wconf 83' lang='grc' dir='ltr'><strong><em>πόλιας.</em></strong></span> 
     </span>
    </p>

    <p class='ocr_par' dir='ltr' id='par_1_5' title="bbox 160 3237 1302 3541">
     <span class='ocr_line' id='line_1_29' title="bbox 160 3237 1302 3328; baseline -0.002 -16"><span class='ocrx_word' id='word_1_226' title='bbox 160 3261 213 3312; x_wconf 82' lang='grc'><strong><em>103</em></strong></span> <span class='ocrx_word' id='word_1_227' title='bbox 303 3244 382 3306; x_wconf 87' lang='grc' dir='ltr'><strong><em>Τότε</em></strong></span> <span class='ocrx_word' id='word_1_228' title='bbox 405 3237 466 3326; x_wconf 73' lang='grc' dir='ltr'><strong><em>μὲν</em></strong></span> <span class='ocrx_word' id='word_1_229' title='bbox 485 3243 526 3327; x_wconf 81' lang='grc' dir='ltr'><strong><em>δη</em></strong></span> <span class='ocrx_word' id='word_1_230' title='bbox 546 3243 632 3308; x_wconf 76' lang='grc' dir='ltr'><strong><em>οὕτω</em></strong></span> <span class='ocrx_word' id='word_1_231' title='bbox 650 3243 871 3326; x_wconf 78' lang='grc' dir='ltr'><strong><em>ἠγωνίσαντο·</em></strong></span> <span class='ocrx_word' id='word_1_232' title='bbox 895 3244 974 3327; x_wconf 84' lang='grc' dir='ltr'><strong><em>μετὰ</em></strong></span> <span class='ocrx_word' id='word_1_233' title='bbox 993 3240 1030 3308; x_wconf 74' lang='grc' dir='ltr'><strong><em>δὲ</em></strong></span> <span class='ocrx_word' id='word_1_234' title='bbox 1046 3240 1221 3328; x_wconf 81' lang='grc' dir='ltr'><strong><em>Ἀθηναῖοι</em></strong></span> <span class='ocrx_word' id='word_1_235' title='bbox 1300 3253 1302 3310; x_wconf 76' lang='grc' dir='ltr'>ἶ</span> 
     </span>
     <span class='ocr_line' id='line_1_30' title="bbox 212 3343 1302 3484; baseline 0.005 -72"><span class='ocrx_word' id='word_1_236' title='bbox 212 3343 275 3433; x_wconf 74' lang='grc' dir='ltr'><strong><em>μὲν</em></strong></span> <span class='ocrx_word' id='word_1_237' title='bbox 293 3348 330 3413; x_wconf 88' lang='grc' dir='ltr'><strong><em>τὸ</em></strong></span> <span class='ocrx_word' id='word_1_238' title='bbox 344 3346 498 3433; x_wconf 87' lang='grc' dir='ltr'><strong><em>παράπαν</em></strong></span> <span class='ocrx_word' id='word_1_239' title='bbox 512 3348 728 3425; x_wconf 87' lang='grc' dir='ltr'><strong><em>ἀπολιπόντες</em></strong></span> <span class='ocrx_word' id='word_1_240' title='bbox 745 3351 823 3425; x_wconf 87' lang='grc' dir='ltr'><strong><em>τοὺς</em></strong></span> <span class='ocrx_word' id='word_1_241' title='bbox 832 3347 950 3425; x_wconf 82' lang='grc' dir='ltr'><strong><em>Ἴωνας</em></strong></span> <span class='ocrx_word' id='word_1_242' title='bbox 964 3348 1221 3436; x_wconf 84' lang='grc' dir='ltr'><strong><em>ἐπικαλεομένου</em></strong></span> <span class='ocrx_word' id='word_1_243' title='bbox 1300 3385 1302 3484; x_wconf 69' lang='grc' dir='ltr'><strong><em>χ</em></strong></span> 
     </span>
     <span class='ocr_line' id='line_1_31' title="bbox 211 3451 1221 3541; baseline 0.002 -20"><span class='ocrx_word' id='word_1_244' title='bbox 211 3453 318 3541; x_wconf 89' lang='grc' dir='ltr'><strong><em>σφέας</em></strong></span> <span class='ocrx_word' id='word_1_245' title='bbox 348 3455 454 3520; x_wconf 85' lang='grc' dir='ltr'><strong><em>πολλά</em></strong></span> <span class='ocrx_word' id='word_1_246' title='bbox 487 3451 530 3518; x_wconf 85' lang='grc' dir='ltr'><strong><em>δι’</em></strong></span> <span class='ocrx_word' id='word_1_247' title='bbox 562 3452 710 3538; x_wconf 87' lang='grc' dir='ltr'><strong><em>ἀγγέλων</em></strong></span> <span class='ocrx_word' id='word_1_248' title='bbox 734 3451 970 3539; x_wconf 89' lang='grc' dir='ltr'><strong><em>Ἀρισταγόρεω</em></strong></span> <span class='ocrx_word' id='word_1_249' title='bbox 999 3455 1060 3520; x_wconf 87' lang='grc' dir='ltr'><strong><em>οὐκ</em></strong></span> <span class='ocrx_word' id='word_1_250' title='bbox 1090 3459 1221 3540; x_wconf 82' lang='grc' dir='ltr'><strong><em>ἔφασαν</em></strong></span> 
     </span>
    </p>
   </div>
   <div class='ocr_carea' id='block_1_3' title="bbox 0 0 1324 3960">
    <p class='ocr_par' dir='ltr' id='par_1_6' title="bbox 0 0 1324 3960">
     <span class='ocr_line' id='line_1_32' title="bbox 0 0 1324 3960; baseline 0 1"><span class='ocrx_word' id='word_1_251' title='bbox 0 0 1324 3960; x_wconf 95' lang='lat' dir='ltr'><strong><em> </em></strong></span> 
     </span>
    </p>
   </div>
  </div>
 </body>
</html>
