2632 3970
198 311 262 378 342
607 309 798 366 Ητοοοονε

198 457 307 540 ήμισυ.
344 453 405 520 οίκ
427 453 660 539 ἀνασχομένων
679 451 716 520 δέ
733 465 801 520 τῶν
816 450 971 541 Ἀργείων
989 453 1060 520 ἀλλ’
1082 455 1199 521 ἀπιόν·
1301 507 1302 520 .

197 585 280 643 των,
307 561 352 638 ὡς
375 559 549 645 ἐμαίνοντο
575 565 712 636 πλεῦνες
738 571 805 626 τῶν
831 572 1013 644 γυναικῶν,
1038 561 1126 626 οὕτω
1156 562 1198 645 δή
1234 647 1235 651 ¹
1301 549 1302 554 ἵ

197 667 396 743 ὑποστάντες
425 667 465 731 τὰ
496 666 515 731 6
542 667 744 751 Μελάμπους
770 671 980 753 προετείνατο
1006 668 1105 750 ήισαν
1134 667 1198 731 δώ·
1301 677 1302 736 3

197 772 312 850 σοντές
334 773 369 838 oc
387 781 498 838 ταῦτα.
543 772 562 837 6
586 769 623 837 δέ
645 772 791 838 ένδαῦτα
813 775 855 857 δή
878 772 1067 859 ἐπορέγεται
1089 771 1197 857 ὁρέων

197 879 318 957 αὐτοὺς
348 877 603 964 τετραμμένους,
631 879 709 963 φάς,
741 879 784 963 ήν
815 881 859 964 μή
886 877 941 944 καί
972 887 1017 966 τῷ
1045 878 1197 966 ἀδελφεῷ
1301 917 1302 928 1

197 989 313 1051 Βίαντι
343 986 507 1071 μεταδῶσι
537 987 574 1050 τὸ
605 988 817 1071 τριτημόριον
847 993 904 1069 τῆς
934 987 1121 1068 βασιληίης,
1155 985 1198 1050 οὐ

197 1095 348 1176 ποιήσειν
379 1093 420 1156 τὰ
446 1093 632 1175 βούλονται.
678 1093 713 1157 οί
737 1088 774 1156 δὲ
797 1089 938 1178 Ἀργεῖοι
963 1089 1197 1174 ἀπειληθέντες

147 1211 180 1260 35
199 1199 232 1276 ές
259 1201 388 1264 στεινὸν
415 1197 623 1264 καταινέουσι
649 1196 835 1263 καὶταῦτα.
880 1197 925 1274 ὣς
948 1193 985 1261 δὲ
1005 1195 1061 1262 καί
1082 1201 1197 1282 Σπαρ-

197 1314 316 1389 τιήται,
350 1303 482 1370 έδέοντο
514 1307 577 1389 γάρ
605 1305 721 1380 δεινῶς
746 1313 807 1368 τοῦ
835 1307 1035 1387 Τισαμενοῦ,
1067 1305 1197 1380 πάντως

198 1412 404 1497 συνεχώρεόν
437 1412 477 1476 ot.
527 1411 811 1496 συγχωρησάντων
843 1410 880 1475 δὲ
910 1407 965 1474 καὶ
995 1418 1098 1474 ταῦτα
1128 1420 1196 1474 τῶν

198 1516 447 1602 Σπαρτιητέων,
472 1517 558 1582 οὕτω
582 1518 622 1599 δή
645 1514 741 1580 πέντε
766 1532 827 1600 σφι
849 1518 1090 1600 μαντευόμενος
1112 1515 1197 1598 ἀγω-

197 1649 258 1700 υας
287 1626 366 1700 τοὺς
392 1627 564 1708 μεγίστους
594 1624 772 1707 Τισαμενὸς
804 1621 822 1687 6
846 1618 987 1704 Ἠλεῖος,
1019 1625 1197 1706 γενόμενος

197 1733 417 1815 Σπαρτιήτης,
440 1726 673 1813 συγκαταιρέει.
718 1737 837 1812 μοῦνοι
860 1724 897 1792 δέ
920 1729 961 1812 δή
983 1729 1118 1794 πάντων
1140 1729 1197 1794 ἄν·
1301 1803 1302 1810 ¹

197 1836 345 1919 δρώπων
368 1835 521 1919 έγένοντο
545 1829 637 1900 οὗτοι
659 1835 884 1918 Σπαρτιήτῃσι
907 1838 1067 1917 πολιῆται.
1104 1836 1139 1900 οί
1160 1832 1196 1899 δὲ
1301 1893 1302 1910 ,

197 1941 293 2008 πέντε
317 1942 442 2025 ἀγῶνες
464 1943 534 2007 οἵδε
553 1940 716 2024 ἐγένοντο,
739 1930 786 2016 εἷς
803 1937 864 2024 μέν
881 1938 936 2004 καὶ
953 1951 1082 2027 πρῶτος
1100 1936 1197 2018 οὗτος
1300 1925 1302 1938 ’

198 2047 217 2114 6
240 2048 277 2114 έν
296 2053 490 2134 Πλαταιῇσι,
514 2045 566 2112 ἐπὶ
589 2043 626 2111 δέ
648 2046 666 2114 6
690 2045 726 2111 έν
753 2045 854 2130 Τεγέη
876 2047 959 2130 πρὸς
984 2049 1144 2128 Τεγεήτας
1161 2069 1196 2110 τε

197 2152 252 2220 καὶ
267 2152 434 2240 Ἀργείους
455 2157 642 2238 γενόμενος,
665 2153 745 2236 μετὰ
767 2148 804 2216 δὲ
827 2150 901 2217 δέν
920 2157 1098 2217 Διπαιεῦσι
1115 2153 1197 2237 πρὸς

155 2284 162 2299 ’
194 2253 353 2343 Ἀρκάδας
379 2261 503 2336 πάντας
529 2260 614 2342 πλήν
636 2255 852 2339 Μαντινέων,
880 2254 932 2322 ἐπὶ
960 2253 996 2321 δέ
1021 2256 1039 2322 6
1062 2261 1197 2342 Μεσση-

197 2366 281 2432 νίων
308 2363 325 2428 6
348 2366 430 2448 πρὸς
449 2362 586 2449 Ἰθώμη,
613 2364 752 2440 ὕστατος
775 2358 812 2427 δὲ
834 2361 852 2427 6
876 2362 913 2428 έν
939 2363 1092 2448 Τανάγρη
1115 2365 1198 2448 πρὸς

195 2467 392 2552 Ἀθηναίους
404 2491 439 2533 τε
452 2466 507 2532 καὶ
517 2464 682 2550 Ἀργείους
695 2471 884 2552 γενόμενος·
899 2463 996 2545 οὗτος
1010 2465 1048 2534 δέ
1058 2469 1198 2548 ὕστατος

197 2574 405 2660 κατεργάσθη
428 2585 494 2639 τῶν
516 2572 612 2638 πέντε
633 2574 779 2658 ἀγώνων.

146 2689 180 2739 36
288 2676 393 2758 Οὗτος
409 2681 464 2764 ’δή
491 2683 563 2746 τότε
589 2691 675 2746 τοῖσι
694 2679 829 2764 Ἕλλησι
852 2682 870 2748 6
897 2685 1078 2767 Τισαμενὸς
1099 2683 1197 2767 ἀγόν·
1301 2675 1302 2700 ³

197 2812 264 2855 των
295 2798 362 2854 τῶν
391 2785 625 2873 Σπαρτιητέων
652 2787 844 2871 ἐμαντεύετο
876 2787 913 2853 έν
944 2797 983 2874 πή
1011 2792 1197 2855 Πλαταιίδι.
1301 2829 1302 2836 1

198 2906 284 2961 τοῖσι
311 2893 371 2978 μέν
393 2917 458 2960 νυν
477 2891 611 2976 Ἕλλησι
638 2894 721 2957 καλὰ
744 2892 870 2974 ἐγένετο
894 2895 935 2958 τὰ
958 2895 1012 2979 ίρὰ
1034 2893 1198 2980 ἀμυνομέ-

198 3018 297 3084 νοισι,
321 3001 454 3082 διαβᾶσι
478 2995 514 3063 δὲ
536 3000 595 3064 τὸν
613 2996 762 3063 Ἀσωπὸν
784 2995 839 3062 καί
861 2997 964 3083 μάχης
982 3001 1121 3084 άρχουσι
1142 3002 1197 3066 οὕ·

147 3127 179 3176 37
199 3107 383 3193 Μαρδονίῳ
403 3100 439 3168 δὲ
453 3102 712 3191 προθυμεομένῳ
727 3102 830 3188 μάχης
844 3104 956 3188 ἄρχειν
971 3103 1031 3170 οὐκ
1045 3104 1198 3189 ἐπιτήδεα

199 3213 324 3295 έγίνετο
350 3211 390 3274 τὰ
418 3209 487 3294 ίρά,
515 3208 710 3297 άμννομένω
738 3205 775 3275 δέ
802 3207 856 3274 καί
878 3211 983 3299 τούτῳ
1006 3212 1098 3276 καλά.
1143 3209 1198 3276 καὶ

198 3318 261 3402 γάρ
294 3311 390 3392 οὗτος
417 3311 638 3397 Ἑλληνικοῖσι
671 3315 771 3400 ἱροῖσι
801 3314 931 3399 έχρᾶτο,
963 3316 1081 3400 μάντιν
1113 3320 1199 3402 ἔχων

194 3419 467 3505 Ἡγησίστρατον,
490 3421 598 3506 άνδρα
618 3415 746 3485 Ἠλεῖόν
768 3443 802 3484 τε
824 3419 967 3486 καὶτῶν
993 3424 1199 3490 Τελλιαδέων

199 3526 295 3591 ἐόντα
323 3525 562 3607 λογιμώτατον,
590 3526 648 3590 τὸν
675 3526 716 3606 δή
743 3527 904 3611 πρότερον
930 3527 1058 3593 τούτων
1085 3534 1200 3617 Σπαρ-
1301 3581 1302 3588 ,
