2632 3970
438 223 506 280 LIB.
520 223 566 278 IX.
603 223 679 280 OAP.
699 231 818 282 28—31.
1062 230 1127 296 339

126 363 182 430 καὶ
203 369 455 451 τετρακισχίλιοι
472 365 527 432 καὶ
544 367 732 453 τρισμύριοι
750 364 843 452 ἦσαν.
879 377 987 450 ψιλῶν
1005 370 1066 459 μέν
1084 375 1125 458 δή

126 481 193 536 τῶν
220 471 374 536 ἁπάντων
401 475 551 556 μαχίμων
578 468 620 556 ήν
646 474 684 538 τὸ
707 479 835 557 πλῆθος
858 475 890 554 ἐξ
912 501 947 542 τε
970 479 1126 565 μυριάδες

125 574 180 641 καὶ
199 576 296 642 ἐυιέα
313 578 458 662 χιλιάδες
476 575 530 641 καὶ
549 576 761 656 ἑκατοντάδες
778 578 885 663 πέντε,
907 591 967 646 τοῦ
990 580 1027 648 δέ
1045 586 1125 670 σύμ
1144 604 1177 653 30

126 703 249 760 παντος
266 679 462 764 Ἑλληνικοῦ
488 691 549 746 τοῦ
572 687 796 761 συνελθόντος
818 685 851 762 ἐς
873 689 1040 765 Πλαταιάς
1062 691 1124 756 σόν

125 811 159 854 τε
178 788 327 874 ὁπλίτῃσι
345 785 400 852 καὶ
418 792 544 864 ψιλοῖσι
559 800 645 853 τοῖσι
659 793 827 874 μαχίμοισι
840 791 957 857 ἕνδεκα
970 794 1126 878 μυριάδες

43 969 47 974 ,
125 889 220 978 ήσαυ,
239 905 314 980 μιῆς
331 894 489 979 χιλιάδος,
507 895 590 979 πρὸς
608 891 645 960 δὲ
663 894 865 962 ὀκτακοσίων
883 897 1017 982 ἀνδρῶν
1029 921 1124 963 κατα-

125 999 268 1066 δέουσαι.
300 1003 364 1065 σὺν
379 995 416 1063 δέ
431 998 600 1065 Θεσπιέων
614 1011 701 1064 τοῖσι
714 1010 873 1085 παρεοῦσι
887 1001 1123 1089 ἐξεπληροῦντο

124 1107 161 1171 αί
181 1106 298 1171 ἕνδεκα
316 1104 485 1190 μυριάδες·
508 1113 660 1190 παρῆσαν
682 1108 744 1191 γάρ
763 1105 818 1172 καὶ
837 1105 1005 1173 Θεσπιέων
1024 1108 1122 1196 ἐντῷ

123 1211 334 1299 στρατοπέδῳ
357 1211 393 1276 οί
408 1215 604 1295 περιεόντες,
624 1211 769 1296 ἀριθμὸν
788 1213 821 1288 ἐς
839 1212 1052 1288 ὀκτακοσίους
1069 1213 1123 1278 καὶ

122 1321 261 1402 χιλίους·
289 1318 373 1384 ὅπλα
397 1315 434 1382 δέ
457 1314 529 1382 οὐδ’
557 1313 650 1382 οὗτοι
673 1313 771 1402 εἶχον.

212 1419 314 1489 Οὗτοι
341 1422 401 1509 μέν
425 1447 489 1488 νυν
513 1423 690 1507 ταχθέντες
713 1421 764 1488 ἐπὶ
787 1432 833 1510 τῷ
853 1419 986 1512 Ἀσωπῷ
1009 1423 1122 1509 ἐστρα-
1140 1447 1173 1496 31

120 1531 353 1596 τοπεδεύοντο·
377 1530 413 1594 οί
433 1526 470 1594 δέ
492 1526 577 1613 ἀμφὶ
594 1531 794 1614 Μαρδόνιον
816 1530 979 1614 βάρβαροι
1001 1530 1045 1606 ὡς
1063 1529 1121 1595 άπ-

122 1638 304 1720 εκήδευσαν
327 1638 531 1717 Μασίστιον,
555 1644 720 1720 παρῆσαν,
747 1638 934 1719 πυθόμενοι
955 1637 1030 1712 τοὺς
1047 1633 1122 1700 Ἕλ-

123 1749 224 1826 ληνας
245 1737 331 1808 εἶναι
354 1740 390 1806 ἐν
408 1745 604 1824 Πλαταιῇσι,
627 1738 681 1804 καὶ
705 1738 799 1805 αὐτοὶ
822 1738 874 1804 ἐπὶ
894 1741 953 1804 τὸν
974 1735 1122 1806 Ἀσωπὸν

120 1851 179 1914 τὸν
197 1850 299 1933 ταύτῃ
313 1846 440 1932 ῥέοντα.
468 1845 661 1930 ἀπικόμενοι
676 1842 712 1910 δέ
726 1845 963 1910 ἀντετάσσοντο
977 1841 1042 1911 ὧδε
1055 1847 1120 1912 ὑπὸ

120 1955 334 2039 Μαρδονίου·
356 1954 438 2017 κατά
460 1949 521 2037 μὲν
539 1953 823 2035 Λακεδαιμονίους
845 1954 960 2033 ἔστησε
979 1951 1119 2037 Πέρσας.

120 2058 175 2125 καὶ
203 2061 243 2142 δή
266 2059 391 2124 πολλὸν
417 2059 480 2144 γάρ
507 2065 668 2142 περιῆσαν
694 2058 818 2138 πλήθει·
843 2057 878 2120 οί
898 2055 1039 2142 Πέρσαι,
1067 2057 1124 2124 ἐπί

119 2188 154 2230 τε
185 2164 273 2244 τάξις
302 2170 446 2240 πλεῦνας
477 2161 689 2247 ἐκεκοσμέατο
720 2159 775 2226 καί
806 2161 935 2246 ἐπεῖχον
962 2161 1016 2228 καὶ
1042 2167 1120 2243 τοὺς

123 2274 290 2354 Τεγεήτας.
336 2269 425 2348 ἔταξε
453 2267 490 2334 δέ
517 2268 617 2333 οὕτω·
645 2269 663 2333 ὅ
685 2291 717 2332 τι
739 2264 800 2352 μέν
822 2262 864 2350 ήν
887 2267 996 2333 αὐτῶν
1020 2271 1119 2336 δυνα-

118 2377 263 2442 τώτατον
290 2385 356 2442 πᾶν
379 2373 537 2453 ἀπολέξας
560 2377 674 2457 ἔστησε
697 2374 811 2440 ἀντίον
833 2375 1117 2460 Λακεδαιμονίων,

118 2484 156 2548 τὸ
189 2479 226 2547 δέ
261 2480 502 2565 ἀσθενέστερον
533 2479 691 2565 παρέταξε
726 2481 807 2544 κατά
837 2483 916 2558 τοὺς
951 2484 1118 2564 Τεγεήτας.

117 2597 219 2654 ταῦτα
247 2585 277 2654 δ’
308 2588 413 2654 ἐποίεε
440 2589 633 2673 φραζόντων
659 2609 694 2651 τε
720 2583 774 2652 καὶ
802 2587 1028 2651 διδασκόντων
1052 2591 1117 2670 Θη-

117 2699 231 2780 βαίων.
278 2691 436 2780 Περσέων
464 2690 501 2757 δὲ
528 2692 703 2776 ἐχομένους
725 2690 815 2768 ἔταξε
837 2693 992 2775 Μήδους·
1024 2687 1116 2756 οὗτοι

118 2800 155 2868 δέ
177 2801 316 2886 ἐπέσχον
338 2802 546 2884 Κορινθίους
567 2821 602 2864 τε
623 2796 677 2862 καὶ
697 2798 918 2879 Ποτιδαιήτας
939 2793 993 2860 καὶ
1009 2791 1116 2881 Ὀρχο-

116 2912 251 2993 μενίους
267 2929 302 2971 τε
320 2903 375 2971 καὶ
393 2907 609 2980 Σικυωνίους.
628 2903 758 2985 Μήδων
777 2897 814 2966 δέ
832 2899 1008 2985 ἐχομένους
1026 2900 1115 2978 ἔταξε

117 3017 312 3100 Βακτρίους·
330 3007 423 3077 οὗτοι
442 3007 479 3076 δέ
498 3008 635 3094 ἐπέσχον
645 3005 876 3093 Ἐπιδαυρίους
892 3029 927 3070 τε
945 3003 999 3071 καὶ
1021 3010 1115 3091 Τροι-

117 3123 248 3203 ζηνίους
269 3117 325 3184 καὶ
347 3119 536 3202 Λεπρεήτας
558 3139 592 3179 τε
615 3112 668 3179 καὶ
695 3115 898 3199 Τιρυνθίους
920 3109 975 3177 καὶ
997 3116 1114 3196 Μυκη-

115 3230 232 3303 ναίους
257 3248 292 3290 τε
318 3221 374 3290 καὶ
399 3224 586 3298 Φλιασίους.
631 3221 710 3304 μετά
736 3215 772 3284 δέ
794 3221 977 3302 Βακτρίους
999 3221 1114 3302 ἔστησε

112 3328 251 3407 Ἰνδούς·
275 3325 367 3395 οὗτοι
390 3324 427 3394 όέ
450 3325 588 3410 ἐπέσχον
602 3321 792 3410 Ἑρμιονέας
808 3347 843 3388 τε
863 3321 918 3388 καί
933 3320 1114 3410 Ἐρετριέας

115 3434 170 3500 καὶ
192 3434 341 3522 Στυρέας
367 3455 402 3499 τε
429 3432 483 3499 καὶ
506 3430 693 3508 Χαλκιδέας.
735 3427 851 3496 Ἰνδῶν
879 3427 915 3494 δέ
938 3429 1114 3516 ἐχομένους

848 3534 902 3590 22*
