2678 3970
207 273 271 339 154
616 267 804 323 HERODOTI

205 412 470 500 ἐλαστρεομένας.
502 424 588 480 τοῖσι
607 410 644 478 δέ
663 412 793 478 αύτοίσι
810 413 957 479 τούτοισι
974 415 1064 478 τοῖσί
1074 435 1136 498 περ
1153 410 1210 478 καὶ
1250 438 1255 448 ·

204 524 242 588 τὸ
264 523 409 607 ὄρυγμα,
438 519 673 608 προσετέτακτο
695 516 831 586 καὶτὸν
856 521 1036 606 Στρυμόνα
1060 520 1210 604 ποταμὸν

151 656 186 703 25
207 626 379 708 ζεύξαντας
409 638 610 713 γεφυρῶσαι.
654 635 756 692 ταῦτα
789 625 851 711 μέν
881 650 946 692 νυν
978 625 1065 692 οὕτω
1092 625 1209 709 ἐποίεε,

204 733 460 820 παρεσκευάζετο
484 730 521 801 δὲ
543 731 598 799 καὶ
621 733 706 799 ὅπλα
724 732 758 809 ἐς
774 734 832 810 τάς
849 733 998 817 γεφύρας
1016 731 1158 816 βύβλινά
1175 755 1211 798 τε

204 838 259 906 καὶ
281 843 494 924 λευκολίνου,
524 837 674 917 ἐπιτάξας
699 823 832 917 Φοίνιξί
855 862 889 904 τε
912 836 968 904 καί
985 840 1210 923 Αἰγυπτίοισι,
1229 891 1243 906 ,

203 943 259 1012 καὶ
286 949 374 1012 σιτία
399 955 439 1031 τῇ
462 953 598 1033 στρατιῇ
620 945 852 1028 καταβάλλειν,
880 945 936 1009 ἵνα
958 945 1001 1029 μὴ
1020 947 1168 1030 λιμήνειε
1189 944 1210 1028 ἡ

205 1053 340 1137 στρατιὴ
359 1048 442 1137 μηδὲ
459 1053 500 1118 τά
517 1051 677 1134 ὑποζύγια
696 1051 900 1136 ἐλαυνόμενα
918 1048 971 1116 ἐπὶ
989 1047 1210 1135 τὴνἙλλάδα.
1328 1051 1329 1064 ’

204 1158 460 1242 ἀναπυθόμενος
479 1154 516 1223 δέ
533 1159 611 1234 τοὺς
629 1158 758 1242 χώρους
775 1156 993 1239 καταβάλλειν
1011 1155 1141 1224 ἐκέλευε
1155 1157 1211 1223 ’ίνα

204 1265 455 1348 ἐπιτηδεότατον
483 1269 548 1347 είη,
577 1264 678 1328 ἀλλον
706 1263 788 1350 άλλη
815 1261 1009 1346 ἀγινέοντας
1033 1262 1150 1330 ὁλκάσι
1175 1287 1211 1328 τε

204 1367 260 1436 καὶ
285 1373 505 1456 πορθμηίοισι
536 1369 572 1434 ἐκ
597 1377 655 1452 τῆς
679 1364 788 1454 Ἀσίης
814 1371 1037 1454 πανταχόθεν.
1086 1370 1146 1435 τὸν
1174 1366 1211 1434 δέ

205 1472 254 1542 ὧν
271 1481 426 1542 πλείστου
445 1475 478 1552 ἐς
495 1475 629 1559 Λευκὴν
650 1474 751 1559 ἀκτὴν
769 1473 974 1560 καλεομένην
991 1484 1049 1560 τῆς
1067 1479 1211 1562 Θρηίκης

205 1583 351 1666 ἀγίνεον,
375 1582 411 1647 οί
431 1579 468 1648 δὲ
491 1581 524 1659 ἐς
550 1581 734 1666 Τυρόδιζαν
756 1582 817 1665 την
836 1583 1043 1665 Περινθίων,
1067 1583 1102 1648 οί
1123 1579 1160 1648 δὲ
1179 1583 1212 1659 ἐς

205 1692 386 1775 Δορίσκον,
410 1689 446 1754 οί
468 1684 505 1754 δὲ
528 1687 561 1765 ές
580 1684 696 1753 Ἠιόνα
714 1688 775 1772 τὴν
793 1684 846 1752 ἐπὶ
864 1689 1047 1774 Στρυμόνι,
1070 1688 1107 1754 οί
1122 1684 1160 1754 δὲ
1179 1687 1212 1765 ἐς

9 1871 10 1884 ¹
206 1796 422 1878 Μακεδονίην
445 1793 703 1879 διατεταγμένοι.

69 1901 71 1907 ’
153 1929 187 1976 26
291 1898 347 1967 Ἑν
370 1891 397 1990 β
417 1897 454 1966 δέ
473 1895 566 1966 οὗτοι
584 1902 644 1966 τὸν
662 1902 880 1986 προκείμενον
897 1901 1004 1966 πόνον
1022 1898 1211 1986 ἐργάζοντο,
1323 1939 1329 1964 ι

207 2007 244 2073 έν
265 2008 371 2094 τούτῳ
395 2006 414 2074 δ
432 2009 527 2086 πεζὸς
548 2007 632 2084 άπας
651 2004 908 2091 συλλελεγμένος
927 2006 994 2091 άμα
1012 2004 1118 2092 Ξέρξη
1137 2005 1212 2072 ἐπο-

207 2113 321 2198 ρεύετο
352 2112 386 2190 ἐς
412 2113 554 2198 Σάρδις,
591 2113 628 2179 ἐκ
658 2112 854 2198 Κριτάλλων
885 2109 1046 2197 ὁρμηθεὶς
1076 2122 1144 2178 τῶν
1176 2112 1213 2178 έν
1328 2153 1329 2162 1

206 2220 439 2304 Καππαδοκίῃ·
471 2219 618 2285 ἐνθαῦτα
640 2220 704 2304 γάρ
728 2225 838 2304 είρητο
862 2217 1083 2302 συλλέγεσθαι
1105 2217 1212 2284 πάντα

206 2325 266 2388 τὸν
292 2321 364 2389 κατ’
394 2325 533 2410 ἤπειρον
563 2323 726 2408 μέλλοντα
748 2325 815 2408 άμα
838 2325 927 2412 αὐτῷ
950 2322 1055 2410 Ξέρξη
1077 2325 1213 2410 πορεύε-

208 2435 291 2494 σθαι
309 2431 460 2513 στρατόν.
501 2429 538 2506 ὃς
555 2429 616 2515 μέν
634 2440 783 2496 ναυτῶν
801 2430 958 2516 ὑπάρχων
977 2431 1118 2516 στρατὸν
1136 2431 1214 2496 κάλ·
1328 2417 1329 2452 ἐ

207 2540 302 2601 λιστα
320 2533 520 2619 ἐσταλμένου
538 2535 672 2619 ἀγαγὼν
689 2537 729 2601 τά
746 2540 945 2622 προκείμενα
957 2537 1046 2622 παρὰ
1059 2534 1215 2620 βασιλέος

208 2646 306 2728 ἔλαβε
325 2642 426 2727 δῶρα,
445 2641 507 2708 ούκ
524 2643 587 2726 ἔχω
606 2641 745 2728 φράσαι·
764 2641 843 2708 οὐδὲ
860 2643 923 2728 γάρ
937 2642 1042 2728 ἀρχὴν
1056 2642 1090 2720 ἐς
1102 2646 1213 2728 κρίσιν
1328 2667 1329 2692 ³

208 2751 329 2816 τούτου
359 2746 434 2832 πέρι
460 2747 623 2824 ἐλθόντας
650 2743 734 2813 οἶδα.
781 2749 816 2814 οί
843 2745 880 2814 δέ
908 2748 1012 2815 ἐπείτε
1039 2749 1215 2833 διαβάντες

208 2859 267 2924 τὸν
290 2854 395 2922 ’Ἅλυν
422 2855 571 2940 ποταμὸν
599 2853 768 2940 ὡμίλησαν
794 2863 834 2939 τῇ
865 2857 1009 2940 Φρυγίη,
1038 2852 1082 2920 δι’
1112 2855 1214 2940 αὐτῆς

208 2965 428 3050 πορευόμενοι
450 2959 671 3047 παρεγένοντο
692 2959 726 3037 ἐς
743 2960 916 3042 Κελαινάς,
940 2961 996 3026 ίνα
1013 2958 1116 3045 πηγαὶ
1134 2960 1215 3026 ἀνα·
1324 2935 1329 2972 ³

209 3073 343 3136 διδοῦσι
360 3068 563 3154 Μαιάνδρου
581 3075 731 3151 ποταμοῦ
748 3063 804 3131 καὶ
823 3063 936 3152 ἑτέρον
954 3065 1017 3132 οὐκ
1034 3067 1215 3145 ἐλάσσονος

209 3175 230 3259 ἢ
253 3175 470 3259 Μαιάνδρου,
492 3181 538 3262 τῷ
563 3173 689 3257 οὔνομα
712 3171 867 3256 τυγχάνει
890 3171 946 3238 ἐὸν
966 3175 1214 3259 Καταρρήκτης,
1328 3253 1329 3278 ¹

211 3281 248 3356 ὃς
270 3279 304 3359 ἐξ
327 3281 428 3365 αὐτῆς
449 3289 506 3366 τῆς
528 3279 651 3365 ἀγορῆς
672 3287 730 3363 τῆς
753 3277 942 3345 Κελαινέων
969 3277 1157 3345 ἀνατέλλων
1181 3279 1215 3358 ἐς
1328 3291 1329 3320 ¹

209 3388 270 3451 τὸν
297 3386 498 3472 Μαίανδρον
529 3386 668 3452 ἐκδιδοῖ·
700 3384 738 3451 ἐν
768 3393 807 3470 τη
838 3382 893 3449 καὶ
924 3383 943 3450 ὁ
974 3393 1035 3450 τοῦ
1064 3389 1215 3469 Σιληνοῦ

214 3492 380 3580 Μαρσύεω
407 3491 507 3568 ἀσκὸς
539 3491 589 3572 [ἐν
616 3499 655 3577 τῇ
682 3492 772 3572 πόλι]
801 3489 1034 3578 ἀνακρέμαται,
1062 3491 1121 3556 τὸν
1149 3491 1214 3558 ὑπὸ
