2678 3970
222 281 284 347 166
631 279 819 338 HERODOTI

218 450 253 491 τε
279 435 340 490 τοῦ
367 428 456 502 ἐτεος
477 428 654 508 καλλίστην
681 426 892 510 πορευόμεθα
920 422 976 490 καί
1001 425 1224 508 καταστρεψά-

219 554 314 615 μενοι
344 540 453 597 πᾶσαν
479 532 540 615 τήν
567 530 734 614 Εὐρώπην
760 533 965 614 νοστήσομεν
993 530 1112 612 ὀπίσω,
1146 531 1224 595 οὔτε

219 642 302 725 λιμφ
326 636 517 724 ἐντυχόντες
540 637 708 721 οὐδαμόθι
731 637 806 702 οὔτε
829 638 910 701 άλλο
929 638 1026 722 άχαρι
1044 633 1144 702 ούδδν
1162 659 1223 702 πα·
1320 697 1321 714 ,

219 745 347 821 θόντες.
392 752 490 810 τοῦτο
519 740 579 827 μέν
606 744 669 827 γὰρ
696 740 790 808 αὐτοὶ
820 743 946 826 πολλήν
969 744 1100 828 φορβήν
1124 746 1223 827 φερό-

219 872 313 935 μενοι
338 853 565 936 πορευόμεθα,
592 857 690 914 τοῦτο
719 847 770 931 δέ,
798 859 865 913 τῶν
893 850 935 912 άν
956 872 1019 913 κου
1041 847 1224 932 ἐπιβέωμεν
1321 937 1322 942 ¹

219 964 283 1039 γήν
313 953 368 1020 καί
396 959 511 1039 ἔθνος,
542 957 670 1021 τούτων
696 955 755 1020 τὸν
783 965 876 1019 σῖτον
903 954 1031 1038 ἕξομεν
1064 953 1113 1020 ἐπ’
1145 954 1223 1040 ἀρο-

168 1073 199 1124 51
220 1071 320 1144 τήρας
343 1057 380 1126 δέ
401 1059 457 1127 καὶ
480 1061 521 1126 οὐ
538 1061 686 1144 νομάδας
704 1063 949 1145 στρατευόμεθα
967 1062 1100 1146 ἄνδρας.
1135 1061 1224 1145 λέγει
1321 1127 1322 1152 ¹

216 1161 415 1251 Ἀρτάβανος
437 1168 516 1251 μετὰ
538 1175 653 1231 ταῦτα·
680 1157 719 1230 Ὠ
736 1169 887 1248 βασιλεῦ,
915 1167 1020 1232 ἐπείτε
1042 1166 1225 1252 ἀρρωδέειν

220 1269 320 1338 οὐδέν
352 1272 408 1359 ἐᾷς
439 1282 587 1404 πρῆγμα,
619 1274 662 1336 σὺ
690 1271 729 1336 δέ
753 1295 814 1356 μευ
847 1275 1054 1357 συμβουλίην
1081 1273 1223 1351 ἔνδεξαι·

221 1378 405 1462 ἀναγκαίως
431 1379 494 1464 γάρ
523 1381 588 1463 ἔχει
614 1375 689 1462 περὶ
716 1382 849 1443 πολλῶν
875 1379 1076 1463 πρηγμάτων
1098 1385 1224 1445 πλεῦνα

220 1486 321 1568 λόγον
354 1484 502 1550 ἐκτεῖναι.
547 1487 660 1569 Κύρος
688 1482 707 1549 ὁ
738 1483 923 1568 Καμβύσεω
952 1481 1083 1568 Ἰωνίην
1114 1495 1224 1551 πᾶσαν

220 1591 307 1674 πλήν
325 1584 496 1672 Ἀθηνέων
522 1588 761 1674 κατεστρέψατο
789 1591 1005 1674 δασμοφόρον
1030 1587 1116 1656 εἶναι
1138 1596 1223 1678 Περ-

220 1711 306 1782 σησι.
346 1696 486 1772 τούτους
508 1691 556 1761 ὧν
578 1699 656 1772 τοὺς
676 1697 801 1780 ἄνδρας
820 1698 1037 1779 συμβουλεύω
1054 1721 1107 1762 τοι
1125 1699 1224 1782 μηδε-
1322 1767 1323 1796 1

220 1811 277 1887 μιή
309 1810 437 1887 μηχανή
468 1803 563 1884 ἀγειν
590 1800 643 1867 ἐπὶ
671 1804 749 1878 τοὺς
775 1801 927 1887 πατέρας·
964 1800 1017 1868 καί
1048 1805 1110 1889 γὰρ
1142 1806 1224 1870 ἄνευ

122 1889 126 1896 ’
220 1909 348 1973 τούτων
376 1899 444 1972 οίοί
462 1906 500 1973 τέ
525 1909 615 1992 είμεν
637 1918 704 1974 τῶν
728 1908 858 1992 ἐχθρῶν
880 1907 1114 1993 κατυπέρτεροι
1136 1914 1223 1992 γίνε·
1322 1909 1323 1949 ³

222 2020 312 2078 σθαι.
362 2011 383 2098 ή
415 2013 478 2100 γάρ
510 2030 627 2097 σφεας,
657 2013 700 2098 ήν
730 2013 887 2095 ἕπωνται,
920 2015 974 2079 δεῖ
1002 2014 1221 2094 ἀδικωτάτους

221 2123 376 2203 γίνεσθαι
397 2119 725 2204 καταδουλουμένους
746 2121 807 2202 τήν
825 2122 1038 2205 μητρόπολιν,
1060 2120 1080 2204 ή
1099 2123 1221 2187 δικαιο-

221 2225 339 2301 τάτους
366 2229 698 2309 συνελευθεροῦντας.
744 2224 939 2290 ἀδικώτατοι
965 2224 1025 2309 μέν
1047 2250 1112 2292 νυν
1133 2232 1220 2311 γινό-

222 2352 316 2414 μενοι
346 2327 446 2395 οὐδδν
468 2329 585 2415 κέρδος
607 2330 689 2415 μέγα
711 2331 790 2414 ήμῖν
813 2332 1073 2415 προσβάλλουσι,
1101 2334 1220 2399 δικαιό-

221 2457 312 2499 τατοι
340 2429 377 2499 δὲ
403 2437 573 2518 γινόμενοι
601 2429 670 2501 οἷοί
693 2459 728 2501 τε
756 2437 965 2520 δηλήσασθαι
992 2438 1140 2521 μεγάλως
1162 2441 1222 2523 τήν

222 2540 285 2623 σήν
317 2540 474 2624 στρατιήν
499 2543 657 2624 γίνονται.
702 2542 736 2618 ἐς
761 2544 873 2626 θυμὸν
901 2539 949 2608 ὧν
977 2543 1078 2625 βάλευ
1104 2543 1159 2610 καί
1185 2548 1221 2611 τὸ

222 2647 362 2712 παλαιὸν
394 2648 471 2723 ἐπος
502 2646 547 2724 ὡς
578 2641 615 2713 εὖ
647 2653 787 2732 εἴρηται,
819 2649 856 2713 τὸ
884 2649 976 2732 μή“
955 2673 1020 2732 αμα
1048 2649 1130 2735 ἀρχή
1156 2660 1222 2716 πᾶν

171 2772 204 2822 σε
222 2752 314 2830 τέλος
342 2755 615 2837 καταφαίνεσθαι.
660 2753 825 2838 ἀμείβεται
851 2755 934 2839 πρὸς
959 2763 1061 2820 ταῦτα
1087 2748 1222 2840 Ξέρξης

220 2855 412 2944 Ἀρτάβανε,
443 2869 510 2925 τῶν
546 2858 718 2942 ἀπεφήναο
754 2857 914 2943 γνωμέων
946 2860 1107 2943 σφάλλεαι
1142 2865 1224 2928 κατὰ
1323 2937 1324 2952 ρ

222 2966 347 3048 ταύτην
370 2965 410 3048 δή
433 2965 622 3050 μάλιστα,“
606 2989 642 3042 ος
656 2964 774 3042 Ἴωνας
797 2963 917 3049 φοβέαι
940 2966 984 3050 μή
1008 2968 1223 3052 μεταβάλωσι,

222 3083 289 3137 τῶν
312 3074 428 3156 ἔχομεν
450 3082 565 3156 γνῶμα
588 3070 752 3156 μέγιστον,
775 3081 842 3136 τῶν
860 3072 903 3136 σύ
921 3095 956 3135 τε
976 3071 1100 3155 μάρτυς
1117 3077 1224 3157 γίνεαι

223 3175 278 3242 καὶ
310 3177 345 3242 οί
368 3177 689 3261 συστρατευσάμενοι
711 3179 844 3264 Δαρείῳ
872 3178 966 3242 ἀλλοι
995 3175 1046 3242 ἐπὶ
1074 3181 1223 3262 Σκύθας,

225 3282 275 3346 ὅτι
293 3279 346 3346 ἐπὶ
368 3284 514 3348 τούτοισι
536 3282 557 3366 ή
580 3291 667 3347 πᾶσα
686 3282 832 3366 Περσική
852 3283 986 3366 στρατιή
1006 3281 1134 3365 ἐγένετο
1153 3286 1222 3352 δια-

225 3393 363 3471 φθεῖραι
383 3384 437 3452 καὶ
455 3396 677 3472 περιποιῆσαι·
701 3387 736 3451 οί
752 3383 788 3452 δέ
807 3388 1023 3470 δικαιοσύνην
1041 3389 1095 3454 καί
1113 3396 1224 3456 πιστό-

224 3515 304 3577 τητα
327 3491 502 3576 ἐνέδωκαν,
526 3493 622 3574 ἄχαρι
645 3489 682 3557 δὲ
704 3491 813 3558 οὐδέν.
853 3493 953 3578 πάρεξ
977 3489 1014 3558 δὲ
1033 3495 1164 3576 τούτου,
1186 3496 1224 3562 ἐν
