2678 3970
408 258 474 314 ΜΒ.
489 259 549 315 VH.
588 259 841 316 emmo-16³.
1067 262 1133 326 215

126 398 193 470 ὑδε
215 404 364 489 πάραλον
383 401 552 489 Ἑλλήνων
573 405 714 488 στρατὸν
737 410 893 470 πλεῖστον
912 411 1024 490 εἴημεν
1042 405 1134 490 ἐκτη·

126 508 232 593 μένοι,
254 511 286 574 εί
301 514 541 594 Συρηκοσίοισι
559 509 669 586 ἐόντες
684 503 857 594 Ἀθηναῖοι
875 515 1134 597 συγχωρήσομεν

125 623 185 698 τῆς
212 609 406 700 ἡγεμονίης,
439 616 655 700 ἀρχαιότατον
682 612 743 699 μὲν
776 619 877 692 ἔθνος
903 620 1133 702 παρεχόμενοι,

126 729 248 805 μοῦνοι
280 718 318 786 δέ
345 721 455 799 ἐόντες
482 722 523 786 οὑ
550 722 749 804 μετανάσται
772 718 954 806 Ἑλλήνων·
984 733 1051 787 τῶν
1078 721 1133 789 καὶ

126 825 271 913 Ὅμηρος
303 827 321 892 ὁ
354 828 508 904 ἐποποιὸς
539 829 646 911 ἀνδρα
678 829 815 911 ἀριστον
843 831 945 912 ἔφησε
972 826 1006 904 ἐς
1027 826 1134 893 ’Ίλιον

125 931 305 998 ἀπικέσθαι
335 933 428 1012 τάξαι
454 956 489 998 τε
520 930 576 997 καὶ
604 934 823 1018 διακοσμῆσαι
850 936 1000 1018 στρατόν.
1046 935 1133 999 οὑτω

125 1038 190 1104 οὑκ
212 1039 343 1116 ὄνειδος
365 1035 465 1104 οὐδέν
487 1038 567 1122 ἡμῖν
589 1037 659 1103 ἐστι
681 1038 790 1122 λέγειν
808 1047 918 1104 ταῦτα.
956 1039 1123 1123 ἀμείβεται
1135 1055 1187 1104 162

127 1142 242 1210 Γέλων
264 1146 402 1210 τοισίδε·
425 1144 520 1219 Ξεῖνε
539 1140 707 1227 Ἀθηναῖε,
730 1145 823 1228 ὑμεῖς
845 1150 955 1210 οίκατε
976 1148 1055 1222 τοὺς
1072 1141 1134 1228 μὲν

125 1252 290 1336 άρχοντας
316 1253 419 1334 ἔχειν,
447 1251 525 1326 τοὺς
552 1247 590 1314 δὲ
617 1249 818 1335 ἀρξομένους
841 1251 903 1315 οὐκ
925 1249 1019 1328 ἕξειν.
1064 1249 1134 1317 ἐπεὶ

45 1387 48 1391 ·
126 1361 245 1422 τοίνυν
268 1352 368 1421 οὐδὲν
394 1353 545 1432 ὑπιέντες
572 1357 659 1439 ἔχειν
681 1357 719 1420 τὸ
742 1365 810 1420 πάν
833 1355 978 1438 ἐθέλετε,
1008 1356 1070 1421 οὐκ
1092 1355 1135 1421 ἀν

127 1463 293 1547 φθάνοιτε
313 1463 375 1544 τήν
397 1463 554 1544 ταχίστην
577 1461 682 1526 ὀπίσω
701 1461 986 1544 ἀπαλλασσόμενοι
1003 1459 1059 1526 καὶ
1077 1461 1135 1544 ἀγ-

127 1567 300 1651 γέλλοντες
321 1575 360 1651 τῇ
379 1563 511 1632 Ἑλλάδι
534 1567 585 1632 ὅτι
607 1567 643 1632 ἐκ
664 1576 726 1632 τοῦ
743 1566 899 1632 ἐνιαυτοῦ
916 1569 954 1632 τὸ
973 1569 1031 1652 ἔαρ
1050 1568 1135 1652 αὐτή

128 1672 347 1758 ἐξαραίρηται.
386 1667 498 1754 [οὗτος
521 1668 558 1737 δὲ
582 1672 599 1738 ὑ
618 1674 697 1748 νόος
714 1681 775 1736 τοῦ
793 1671 947 1755 ῥήματος,
970 1674 1008 1738 τὸ
1027 1671 1136 1738 ἐθέλει

128 1778 252 1862 λέγειν·
276 1780 359 1862 δήλα
381 1779 445 1863 γὰρ
468 1777 513 1854 ὡς
536 1776 573 1843 έν
595 1785 640 1864 τῷ
664 1777 804 1864 ἐνιαυτῷ
824 1776 893 1842 ἐστι
910 1779 947 1842 τὸ
967 1779 1025 1863 ἔαρ
1046 1780 1134 1843 δοκι-

128 1886 295 1970 μώτατον,
325 1893 382 1967 τῆς
405 1880 441 1948 δὲ
464 1893 531 1947 τῶν
549 1879 718 1964 Ἑλλήνων
745 1891 898 1965 στρατιῆς
924 1884 986 1966 τήν
1009 1881 1136 1949 ἑωυτοῦ

128 1993 296 2074 στρατιήν.
336 1988 594 2072 στερισκομένην
618 1983 665 2052 ὧν
687 1988 749 2071 τήν
767 1984 909 2052 Ἑλλάδα
930 1997 988 2072 τῆς
1009 1986 1137 2054 ἑωυτοῦ
1261 1985 1267 1998 ’

128 2100 315 2181 συμμαχίης
333 2098 436 2172 εἴκαζε
451 2094 495 2171 δνς
509 2096 540 2158 εί
550 2095 588 2158 τὸ
603 2096 661 2179 ἔαρ
676 2093 712 2158 ἐκ
725 2102 786 2158 τοῦ
799 2093 953 2158 ἐνιαυτοῦ
966 2092 1136 2180 ἐξαραιρη-

129 2201 234 2287 μένον
257 2204 336 2284 εἴη]

221 2307 265 2370 OC
294 2303 354 2390 μὲν
382 2307 423 2390 δή
454 2316 522 2370 τῶν
549 2302 719 2388 Ἑλλήνων
747 2306 881 2388 άγχελοι
907 2316 1051 2371 τοσαῦτα
1080 2316 1126 2395 τῷ
1137 2324 1188 2372 163

130 2411 259 2478 Γέλωνι
272 2412 550 2496 χρηματισάμενοι
564 2411 741 2476 ἀπέπλεον·
760 2410 873 2476 Γέλων
888 2408 925 2476 δὲ
938 2413 1020 2498 πρὸς
1033 2423 1136 2478 ταῦτα

130 2521 244 2594 δείσας
275 2514 336 2602 μὲν
365 2516 440 2603 περὶ
467 2529 555 2582 τοῖσι
578 2515 714 2600 Ἕλλησι
742 2518 785 2601 μή
815 2518 855 2582 οὑ
883 2518 1050 2584 δύνωνται
1076 2521 1137 2584 τὸν

130 2625 303 2709 βάρβαρον
325 2622 583 2709 ὑπερβαλέσθαι,
607 2625 719 2689 δεινὸν
743 2620 780 2688 δὲ
802 2621 858 2688 καὶ
876 2623 938 2688 οὐκ
956 2623 1138 2707 ἀνασχετὸν

131 2731 353 2815 ποιησάμενος
385 2729 494 2795 ἐλθὼν
527 2729 560 2806 ἐς
590 2732 851 2811 Πελοπόννησον
878 2729 1041 2811 ἄρχεσθαι
1071 2728 1136 2794 ὑπὸ

133 2838 421 2920 Λακεδαιμονίων,
449 2833 513 2900 ἐὼν
537 2837 691 2918 Σικελίης
717 2835 895 2918 τύραννος,
925 2833 1048 2916 ταύτην
1075 2830 1138 2916 μέν

132 2945 193 3026 τήν
216 2943 297 3008 ὁδὸν
320 2941 475 3026 ήμέλησε,
505 2941 523 3006 ὑ
547 2937 584 3006 δέ
606 2942 706 3022 άλλης
729 2945 846 3023 είχετο·
869 2938 973 3005 ἐπείτε
996 2939 1059 3021 γάρ
1081 2939 1137 3002 τά-

132 3065 227 3134 χιστα
246 3048 389 3114 ἐπύθετο
407 3049 467 3112 τὸν
481 3046 618 3132 Πέρσην
635 3047 852 3128 διαβεβηκότα
866 3044 925 3108 τὸν
938 3038 1137 3126 Ἑλλήσπονέ

132 3178 207 3236 τον,
237 3153 355 3238 πέμπει
383 3150 672 3235 πεντηκοντέροισι
694 3147 783 3234 τρισὶ
805 3149 944 3232 Κάδμον
967 3148 1026 3212 τὸν
1049 3149 1138 3212 Σκύ-

132 3265 203 3324 θεω
231 3261 338 3345 ἀνδρα
356 3262 457 3345 Κῷον
482 3257 515 3333 ἐς
533 3255 699 3338 Δελφούς,
723 3257 840 3338 ἔχοντα
863 3255 1010 3338 χρήματα
1033 3255 1139 3319 πολλὰ

133 3363 190 3430 καὶ
211 3368 345 3450 φιλίους
368 3366 498 3446 λόγους,
522 3361 793 3447 καραδοκήσοντα
814 3360 875 3442 τὴν
898 3359 1005 3442 μάχην
1026 3367 1064 3444 τῇ
1082 3380 1138 3424 πε-

133 3469 257 3552 σέεται,
284 3467 339 3534 καὶ
366 3468 409 3552 ήν
436 3465 497 3552 μὲν
520 3467 538 3532 ὁ
562 3466 730 3553 βάρβαρος
751 3472 843 3552 νικᾷ,
871 3465 911 3528 τά
932 3487 967 3529 τε
989 3467 1139 3550 χρήματα
