2632 3970
208 258 274 324 356
617 255 805 312 HERODOTI

207 399 492 484 πεντακισμύριοι,
529 403 684 484 Τεγεῆται
720 397 757 465 δέ
792 403 967 500 τρισχίλιοι
1003 393 1115 486 (οὗτοι
1148 401 1214 485 γάρ

207 505 338 590 οὐδαμά
374 504 584 590 ἀπεσχίζοπο
616 506 678 571 ἀπὸ
706 502 1017 592 Λακεδαιμονίων),
1053 504 1213 588 έσφαγιά·

209 615 302 690 ζοντα
330 612 374 687 ὡς
396 610 637 696 συμβαλέοντες
658 612 843 698 Μαρδονίῳ
871 609 926 676 καὶ
952 617 991 695 τῆ
1014 619 1150 696 στρατιῇ
1171 620 1213 696 τῆ

206 716 385 802 παρεούση.
429 715 484 782 καὶ
514 717 554 782 οὐ
581 717 644 802 γάρ
673 733 734 800 σφι
760 715 886 799 ἐγίνετο
913 717 953 782 τά
980 717 1107 800 σφάγια
1133 741 1213 802 χρη-

206 823 282 905 στά,
315 825 451 887 ἔπιπτον
483 819 519 888 δέ
552 823 662 888 αὐτῶν
688 821 725 888 ἐν
752 823 857 910 τούτῳ
883 829 929 910 τῷ
957 825 1066 910 χρόνῳ
1093 822 1213 888 πολλοὶ

207 926 263 994 καὶ
283 933 394 1016 πολλῷ
418 933 556 1006 πλεῦνες
579 928 847 1012 ἐτρωματίζοντο·
880 926 1063 1012 φράξαντες
1084 931 1148 1014 γάρ
1170 931 1213 994 τά

207 1033 308 1120 γέρρα
332 1035 367 1100 οί
384 1033 511 1119 Πέρσαι
529 1034 668 1100 ἀπίεσαν
685 1045 752 1099 τῶν
770 1033 978 1118 τοξευμάτων
995 1036 1101 1099 πολλὰ
1119 1034 1212 1119 ἀφει-

207 1139 305 1223 δέως,
338 1141 424 1206 οὕτω
456 1141 539 1205 ὥστε
568 1139 767 1224 πιεζομένων
799 1149 866 1204 τῶν
893 1138 1129 1224 Σπαρτιητέων
1155 1140 1212 1206 καὶ

204 1257 274 1310 τῶν
296 1249 448 1329 σφαγίων
471 1245 512 1310 οὐ
534 1244 720 1330 γινομένων
743 1243 975 1328 ἀποβλέψαντα
995 1246 1054 1310 τὸν
1073 1250 1212 1312 Παυσα-

205 1353 284 1433 νίην
315 1352 398 1435 πρὸς
428 1353 465 1416 τὸ
490 1349 631 1437 Ἥραιον
660 1352 697 1415 τὸ
726 1349 921 1415 Πλαταιέων
953 1349 1211 1418 ἐπικαλέσασθαι

206 1456 267 1538 τὴν
293 1459 391 1538 θεόν,
423 1459 596 1540 χρηίζοντα
624 1458 781 1540 μηδαμῶς
808 1454 911 1540 σφέας
937 1463 1127 1541 ψευσθῆναι
1152 1468 1212 1542 τῆς

154 1586 189 1634 62
208 1561 347 1638 ἐλπίδος.
392 1571 494 1626 ταῦτα
526 1558 557 1626 δ’
589 1564 636 1626 ἔτι
665 1562 786 1626 τούτου
814 1561 1068 1645 ἐπικαλεομένου
1094 1564 1211 1648 προεξ-

207 1667 406 1744 αναστάντες
423 1669 577 1754 πρότεροι
597 1668 632 1732 οί
649 1671 804 1750 Τεγεῆται
822 1667 965 1752 ἐχώρεον
983 1667 1016 1744 ές
1033 1671 1112 1745 τοὺς
1128 1673 1210 1755 βαρ-

207 1773 344 1857 βάρους,
376 1770 430 1837 καὶ
457 1783 544 1838 τοῖσι
570 1774 864 1856 Λακεδαιμονίοισι
895 1773 1011 1838 αὐτίκα
1043 1776 1123 1858 μετὰ
1147 1777 1209 1860 τὴν

207 1879 308 1962 εὐχὴν
334 1879 395 1962 την
419 1883 618 1944 Παυσανίεω
646 1878 772 1962 ἐγίνετο
798 1877 998 1963 θυομένοισι
1021 1881 1062 1944 τά
1084 1880 1209 1964 σφάγια

206 1985 338 2070 χρηστά.
380 1985 424 2062 ὡς
448 1981 484 2050 δὲ
502 1988 611 2072 χρόνῳ
629 1981 704 2050 κοτὲ
722 1983 862 2067 ἐγένετο,
882 1983 1023 2070 ἐχώρεον
1041 1983 1097 2050 καὶ
1115 1981 1209 2051 οὗτοι

207 2088 260 2155 ἐπὶ
278 2093 356 2168 τοὺς
370 2089 511 2177 Πέρσας,
530 2089 583 2155 καὶ
599 2091 633 2155 ολ
645 2089 773 2174 Πέρσαι
786 2088 894 2155 ἀντίοι
906 2091 947 2154 τά
958 2090 1036 2168 τόξα
1050 2089 1208 2174 μετέντες.

208 2196 333 2278 ἐγίνετο
357 2193 394 2261 δέ
416 2208 548 2282 πρῶτον
571 2194 645 2281 περὶ
667 2197 708 2260 τά
729 2194 831 2281 γέρρα
853 2196 949 2280 μάχη.
985 2197 1031 2274 ὡς
1052 2193 1208 2263 δὲταῦτα
1303 2195 1304 2228 ³

207 2301 397 2383 ἐπεπτώκεε,
417 2303 481 2386 ῆδη
501 2302 627 2385 ἐγίνετο
646 2302 731 2386 μάχη
752 2303 867 2387 ίσχυρῆ
886 2299 962 2388 παρ’
984 2302 1064 2368 αὐτὸ
1082 2305 1119 2368 τὸ
1138 2309 1208 2387 Δη-

207 2407 346 2489 μητριον
368 2404 423 2469 καί
441 2409 565 2491 χρόνον
584 2405 636 2472 ἐπὶ
653 2409 787 2489 πολλόν,
812 2405 844 2484 ἐς
863 2407 880 2472 δ
899 2407 1055 2474 ἀπίκοντο
1075 2409 1108 2486 ές
1126 2409 1208 2475 ἀνθι-

208 2511 306 2594 σμόν·
338 2511 377 2574 τά
408 2511 472 2593 γὰρ
505 2512 627 2597 δόρατα
654 2512 951 2597 ἐπιλαμβανόμενοι
983 2514 1149 2580 κατέκλων
1176 2517 1210 2580 οἱ

209 2616 377 2701 βάρβαροι.
415 2618 533 2700 λῆματι
552 2614 612 2700 μέν
630 2641 694 2682 νυν
712 2615 766 2682 καὶ
784 2617 877 2703 ῥώμη
897 2617 958 2683 οὐκ
970 2619 1109 2702 ἥσσονες
1122 2617 1208 2705 ἦσαν

209 2723 244 2788 οί
260 2720 398 2806 Πέρσαι,
423 2723 563 2787 ἀνοπλοι
587 2719 623 2788 δὲ
646 2722 754 2799 ἐόντες
776 2720 830 2787 καὶ
852 2724 935 2809 πρὸς
952 2724 1208 2812 ἀνεπιστήμονες

208 2824 294 2912 ἦσαν
321 2825 375 2891 καὶ
403 2828 464 2892 οὐκ
491 2828 600 2912 ὅμοιοι
626 2839 712 2893 τοῖσι
739 2827 919 2894 ἐναντίοισι
946 2833 1078 2914 σοφίην.
1128 2854 1207 2920 προ-

209 2933 415 3012 εξαΐσσοντες
443 2930 479 2998 δὲ
504 2931 574 2998 κατ’
600 2933 659 2998 ἕνα
681 2931 736 2998 καὶ
759 2931 838 2998 δέκα
860 2931 915 2999 καὶ
936 2936 1074 3014 πλεῦνές
1095 2962 1131 3004 τε
1152 2939 1208 3005 καὶ

209 3040 384 3116 ἐλάσσονες
398 3042 659 3124 συστρεφόμενοι
675 3037 848 3106 ἐσέπιπτον
862 3039 894 3117 ἐς
907 3043 986 3118 τοὺς
999 3047 1208 3129 Σπαρτιήτας

157 3166 190 3214 63
209 3143 264 3210 καὶ
287 3148 529 3230 διεφθείροντο.
571 3153 609 3229 τῆ
633 3141 670 3210 δέ
692 3144 848 3230 έτόγχανε
867 3145 965 3224 αὐτὸς
988 3147 1052 3213 ἐὼν
1069 3152 1207 3236 Μαρδό-

208 3273 294 3333 νιος,
327 3248 381 3314 ἀπ’
413 3251 514 3316 ἵππου
540 3273 574 3315 τε
602 3253 784 3335 μαχόμενος
810 3255 930 3317 λευκοῦ
957 3255 1042 3337 ἔχων
1067 3278 1102 3322 τε
1132 3255 1207 3342 περὶ

209 3353 333 3419 ἑωυτὸν
352 3356 495 3437 λογάδας
509 3355 667 3440 Περσέων
684 3359 761 3433 τοὺς
779 3356 933 3440 ἀρίστους
950 3361 1086 3442 χιλίους,
1104 3362 1205 3447 ταύτῃ

209 3453 246 3520 δέ
267 3455 323 3521 καὶ
345 3458 483 3541 μάλιστα
503 3462 581 3536 τοὺς
600 3461 769 3537 ἐναντίους
787 3460 928 3529 ἐπίεσαν.
965 3465 1046 3529 ὅσον
1063 3465 1124 3550 μέν
1142 3491 1207 3532 νυν
