2678 3970
217 250 282 312 228
629 245 816 302 HERODOTI

168 411 216 460 187
228 391 397 475 Σηπιάδος
418 387 472 455 καὶ
496 387 746 476 Θερμοπυλέων.
787 383 884 466 οὗτος
907 386 967 474 μέν
991 390 1034 474 δὴ
1056 399 1116 456 τοῦ
1140 406 1222 456 συν-

133 547 136 554 ,
218 496 361 572 άπαντος
377 506 438 562 τοῦ
460 495 587 580 Ξέρξεω
611 496 851 583 στρατεύματος
874 495 1025 580 άριθμός,
1049 508 1220 579 γυναικῶν
1328 517 1329 584 j

219 597 256 665 δὲ
283 613 462 668 σιτοποιῶν
483 601 539 668 καὶ
560 601 751 668 παλλακέων
774 599 829 666 καί
852 601 1022 686 εὐνούχων
1045 599 1163 679 οὐδεὶς,
1177 602 1219 668 άν
1328 619 1329 688 χ

218 711 306 772 εἴποι
326 705 461 793 ἀτρεκέα
480 707 640 794 ἀριθμόν·
664 703 737 773 οὐδ’
759 701 802 774 αὐ
819 707 1008 792 ὑποζυγίων
1026 731 1062 773 τε
1079 706 1134 773 καὶ
1153 721 1220 774 τῶν

218 811 328 877 άλλων
354 811 500 896 κτηνέων
527 825 595 878 τῶν
622 813 825 899 ἀχθοφόρων
852 811 908 879 καλ
934 823 1047 880 κυνῶν
1070 810 1221 880 Ἰνδικῶν
1328 885 1329 906 χ

217 929 285 984 τῶν
312 918 497 1003 ἑπομένων,
524 916 597 984 οὐδ’
629 917 671 984 ὅν
697 919 825 984 τούτων
851 918 919 984 ύπδ
942 921 1087 1002 πλήθεος
1110 919 1222 999 οὐδεὶς
1328 963 1329 990 ι

219 1022 261 1088 άν
284 1030 370 1090 είποι
392 1023 547 1110 ἀριθμόν.
593 1025 677 1090 ὥστε
703 1023 803 1090 οὐδέν
827 1047 884 1109 μοι
904 1031 1003 1109 θῶμα
1025 1028 1222 1109 παρίσταται
1328 1015 1329 1026 ³

218 1131 403 1213 προδοῦναι
433 1131 474 1194 τὰ
505 1128 628 1215 ῥέεθρα
659 1141 727 1195 τῶν
758 1141 914 1214 ποταμῶν
942 1133 1013 1196 ἔστι
1043 1125 1105 1214 ὧν,
1138 1130 1223 1196 άλλά

218 1239 343 1320 μᾶλλον
371 1235 455 1312 ὅπως
480 1237 520 1300 τά
550 1239 637 1300 σιτία
669 1235 846 1322 ἀντέχρησε
873 1236 977 1320 θῶμά
999 1260 1056 1320 μοι
1083 1238 1224 1322 μυριάσι
1328 1281 1329 1292 1

217 1341 408 1427 τοσαύτῃσι
450 1339 590 1427 εὑρίσκω
621 1342 685 1427 γὰρ
715 1343 1003 1426 συμβαλλόμενος,
1031 1343 1062 1408 εί
1084 1347 1223 1427 Ιχοίνικα
1328 1349 1329 1354 ’

218 1457 334 1532 πυρῶν
356 1442 490 1523 ἕκαστος
512 1455 569 1530 τῆς
590 1445 713 1532 ἡμέρης
731 1447 894 1531 ἐλάμβανε
911 1444 967 1512 καὶ
984 1443 1089 1531 μηδὲν
1106 1447 1222 1534 πλέον,

219 1551 337 1617 ἕνδεκα
358 1552 520 1638 μυριάδας
543 1553 712 1638 μεδίμνων
733 1549 927 1636 τελεομένας
949 1546 999 1618 ἐπ’
1022 1551 1130 1639 ἡμέρη
1149 1553 1223 1620 ἑκά-

220 1674 279 1744 στη
312 1655 367 1723 καὶ
395 1659 478 1743 πρὸς
504 1661 712 1744 τριηκοσίους
738 1680 773 1722 τε
806 1659 927 1735 ἄλλους
956 1658 1140 1744 μεδίμνους
1166 1659 1223 1725 καὶ

219 1764 466 1849 τεσσεράκοντα.
513 1761 643 1846 γυναιξὶ
676 1760 713 1828 δέ
736 1761 799 1828 καὶ
830 1763 1020 1850 εὐνούχοισι
1050 1763 1105 1830 καὶ
1140 1764 1224 1831 ὐπο·

221 1872 360 1952 ζυγίοισι
386 1867 441 1935 καλ
467 1867 543 1935 κυσὶ
571 1869 612 1935 οὐ
639 1872 818 1954 λογίζομαι
862 1869 997 1956 ἀνδρῶν
1019 1867 1049 1934 δ’
1076 1869 1223 1936 ἐουσέων
1326 1932 1329 1942 2

220 1976 389 2042 τοσούτων
418 1977 590 2062 μυριάδων
616 1975 751 2052 κάλλεός
777 1997 813 2041 τε
841 1975 949 2041 εἵνεκα
977 1973 1032 2040 καὶ
1058 1976 1223 2060 μεγάθεος

221 2079 332 2159 οὐδεὶς
363 2082 472 2148 αὐτῶν
504 2081 743 2166 ἀξιονικότερος
774 2075 816 2163 ἦν
845 2080 949 2146 αὐτοῦ
977 2079 1104 2165 Ξέρξεω
1134 2084 1222 2168 ἔχειν

220 2195 318 2252 τοῦτο
341 2189 377 2252 τὸ
400 2188 525 2272 κράτος.
1328 2247 1329 2278 ³

173 2310 220 2360 188
304 2287 342 2356 Ὁ
361 2291 400 2357 δὲ
421 2295 462 2375 δη
484 2294 638 2368 ναυτικὸς
661 2293 798 2378 στρατὸς
821 2291 924 2357 ἐπείτε
947 2291 1106 2377 ὁρμηθεὶς
1128 2296 1221 2360 ἔπλεε
1328 2311 1329 2358 ι

222 2393 276 2459 καὶ
297 2395 431 2480 κατέσχε
448 2405 505 2480 τῆς
522 2400 721 2480 Μαγνησίης
739 2397 848 2482 χώρης
866 2397 898 2472 ές
916 2397 974 2462 τὸν
993 2399 1144 2482 αἰγιαλὸν
1161 2401 1221 2465 τὸν

222 2499 341 2586 μεταξὺ
371 2504 590 2584 Κασθαναίης
620 2524 656 2568 τε
691 2504 810 2580 πόλιος
836 2501 933 2568 έόντα
963 2501 1019 2568 καὶ
1050 2505 1222 2586 Σηπιάδος

222 2607 329 2691 άκτῆς,
358 2607 395 2672 αί
418 2603 479 2693 μέν
507 2608 547 2690 δὴ
575 2617 701 2693 πρῶται
722 2619 789 2672 τῶν
811 2618 898 2674 νεῶν
921 2607 1042 2693 ὅρμεον
1064 2610 1147 2694 πρὸς
1167 2620 1221 2695 γῇ,
1328 2601 1329 2618 ³

222 2716 318 2780 άλλαι
332 2710 363 2779 δ’
380 2707 430 2780 ἐπ’
446 2713 589 2800 έκείνησι
606 2709 656 2779 ἐπ’
678 2711 862 2800 ἀγκυρέων·
883 2713 940 2779 ὅτε
956 2715 1022 2798 γὰρ
1038 2723 1098 2780 τοῦ
1116 2717 1221 2799 αίγια-

222 2827 284 2887 λοῦ
298 2821 409 2898 ἐόντος
423 2820 464 2886 οὐ
478 2819 621 2904 μεγάλου
639 2823 846 2905 πρόκροσσαι
856 2819 978 2905 ὅρμεον
995 2821 1032 2885 τὸ
1047 2820 1081 2897 ές
1097 2823 1222 2888 πόντον

222 2927 277 2994 καὶ
300 2925 353 2994 ἐπὶ
380 2927 462 2993 ὀκτὼ
486 2925 571 3004 νέας.
617 2928 741 3010 ταύτην
763 2922 823 3010 μὲν
845 2927 908 3010 τὴν
931 2926 1100 3011 εὐφρόνην
1124 2928 1222 3012 οὕτω,
1326 2928 1329 2938 ”

222 3036 289 3120 ἅμα
316 3031 353 3100 δέ
379 3035 494 3120 ὄρθρῳ
524 3031 558 3112 ἐξ
585 3034 721 3117 αἰθρίης
746 3029 863 3098 τεκαὶ
890 3036 1048 3117 νηνεμίης
1075 3042 1132 3117 τῆς
1158 3041 1223 3099 θα-

222 3141 345 3224 λάσσης
369 3140 503 3223 ζεσάσης
525 3137 662 3205 ἐπέπεσέ
678 3155 739 3224 σφι
756 3141 878 3224 χειμών
896 3161 931 3204 τε
949 3138 1049 3222 μέγας
1070 3136 1130 3203 καί
1142 3144 1223 3207 πολ-

222 3246 279 3320 λὸς
302 3245 421 3328 άνεμος
440 3243 634 3329 ἀπηλιώτης,
652 3246 712 3311 τὸν
735 3247 776 3329 δὴ
790 3242 1050 3328 Ἑλλησποντίην
1067 3243 1223 3310 καλέουσι

223 3349 258 3414 οί
273 3346 347 3432 περὶ
364 3357 466 3414 ταῦτα
484 3351 524 3415 τά
537 3355 640 3437 χωρία
654 3351 831 3436 οἰκημένοι.
867 3350 940 3416 ὅσοι
958 3348 1020 3435 μέν
1032 3374 1097 3415 νυν
1111 3349 1223 3415 αὐτῶν

223 3452 405 3538 αὐξόμενον
437 3457 564 3540 ἔμαθον
592 3457 654 3520 τὸν
685 3459 808 3538 άνεμον
839 3453 894 3520 καὶ
924 3465 1011 3520 τοῖσι
1043 3455 1128 3520 οὕτω
1156 3451 1222 3539 εἶχε
