2640 3960
192 289 236 351 64
607 289 793 346 HERODOTI

192 439 238 519 τῷ
266 433 412 517 Μαρσύῃ
440 442 574 522 ποταμῷ
603 434 788 518 συνέβαλόν
815 458 850 499 τε
879 444 965 500 τοῖσι
989 431 1137 520 Πέρσησι
1165 431 1204 496 οί

193 539 302 621 Κᾶρες
329 535 384 602 ιιαὶ
406 539 514 622 μάχην
536 537 736 624 ἐμαχέσαντο
761 540 900 624 ἰσχυρὴν
923 536 978 603 καὶ
1001 535 1053 602 ἐπὶ
1074 538 1203 621 χρόνον

193 644 332 724 πολλόν,
362 641 454 722 τέλος
487 641 524 710 δὲ
551 641 750 728 ἑσσώθησαν
777 646 833 709 διὰ
858 649 994 727 πλῆθος.
1040 640 1202 727 Περσέων

193 744 254 830 μὲν
286 749 328 831 δὴ
360 751 478 814 ἔπεσον
510 750 630 835 ἀνδρες
661 749 695 826 ἐς
721 751 918 835 δισχιλίους,
950 751 1074 832 Καρῶν
1101 744 1138 812 δέ
1165 747 1202 823 ἐς

193 857 342 939 μυρίους.
384 854 543 920 ἐνθεῦτεν
567 853 604 920 δέ
627 855 663 920 oc
683 857 903 939 διαφυγόντες
925 855 1034 920 αὐτῶν
1052 855 1202 936 κατειλή·

192 965 306 1043 θησαν
330 961 363 1037 ἐς
386 961 592 1046 Λάβραυνδα
620 961 653 1037 ἐς
670 962 754 1038 Διὸς
776 963 931 1045 στρατίου
953 962 1037 1046 ίρόν,
1060 959 1142 1044 μέγα
1163 981 1202 1024 τε

191 1063 247 1130 καὶ
275 1067 371 1148 ἀγιον
399 1067 499 1142 άλσος
525 1070 763 1132 πλατανίστων.
808 1075 928 1151 μοῦνοι
955 1063 992 1131 δὲ
1017 1076 1085 1130 τῶν
1106 1065 1203 1149 ἡμεῖς

194 1172 288 1255 ίδμεν
315 1171 424 1255 Κᾶρές
456 1174 519 1236 εἰσι
552 1175 587 1237 οδ
610 1170 671 1237 Διὶ
702 1176 843 1260 στρατίῳ
875 1174 997 1248 θυσίας
1028 1170 1200 1254 ἀνάγουσι.

192 1277 442 1360 κατειληθέντες
465 1274 502 1342 δὲ
525 1273 573 1343 ὧν
597 1273 689 1343 οὗτοι
713 1278 860 1344 ἐνθαῦτα
883 1277 1100 1362 ἐβουλεύοντο
1124 1273 1201 1359 περὶ

193 1387 370 1468 σωτηρίης,
399 1383 535 1467 ὁκότερα
564 1383 585 1467 ἢ
612 1384 816 1468 παραδόντες
842 1383 946 1467 σφέας
968 1383 1090 1458 αὐτοὺς
1111 1381 1201 1464 Πέρ-

193 1503 271 1572 σησι
302 1487 322 1570 ἢ
349 1487 542 1564 ἐκλιπόντες
573 1490 611 1553 τὸ
642 1489 797 1570 παράπαν
828 1490 889 1572 τὴν
917 1485 1030 1572 Ἀσίην
1061 1488 1202 1572 ἀμεινον

141 1607 192 1656 1⁴20
201 1591 372 1678 πρήξουσι.
417 1593 688 1676 βουλευομένοισι
718 1593 758 1659 δέ
783 1612 843 1678 σφι
870 1601 972 1660 ταῦτα
999 1597 1201 1678 παραγίνον·

192 1721 245 1763 ται
272 1697 472 1781 βοηθέοντες
493 1701 659 1782 Μιλήσιοί
683 1723 719 1764 τε
740 1697 854 1764 καλοί
873 1701 1001 1765 τούτων
1024 1700 1200 1784 σύμμαχοι.

194 1803 340 1869 ἐνθαῦτα
372 1797 409 1867 δέ
441 1803 481 1866 τά
510 1799 571 1887 μὲν
597 1807 759 1890 πρότερον
787 1804 822 1868 οί
845 1807 953 1890 Κᾶρες
980 1805 1199 1888 ἐβουλεύοντο

193 1917 350 1994 μετῆκαν,
375 1909 419 1973 οί
448 1904 485 1973 δὲ
517 1903 609 1986 αὖτις
640 1909 812 1995 πολεμέειν
845 1909 877 1988 ἐξ
905 1911 1006 1996 ἀρχῆς
1032 1910 1202 1996 ἀρτέοντο.

192 2013 247 2079 καὶ
275 2014 407 2079 ἐπιοῦσί
426 2036 461 2078 τε
490 2025 576 2079 τοῖσι
600 2013 749 2100 Πέρσησι
776 2016 1003 2099 συμβάλλουσι
1024 2014 1079 2080 καὶ
1102 2041 1201 2102 μαχε·

193 2119 330 2205 σάμενοι
367 2116 419 2183 ἐπὶ
450 2124 554 2184 πλεῦν
584 2119 605 2202 ἢ
636 2122 799 2204 πρότερον
835 2119 1044 2203 ἑσσώθησαν·
1081 2125 1201 2188 πεσόν-

192 2247 259 2288 των
288 2221 324 2288 δέ
351 2235 418 2290 τῶν
446 2225 579 2289 πάντων
601 2229 733 2288 πολλῶν
756 2225 895 2308 μάλιστα
921 2228 1080 2310 Μιλήσιοι
1104 2227 1200 2312 έπλή-
1308 2301 1309 2325 ρ

141 2343 190 2393 121
201 2344 318 2412 γησαν.
364 2331 444 2412 μετὰ
477 2327 514 2394 δέ
545 2337 643 2393 τοῦτο
674 2330 711 2393 τὸ
741 2340 855 2413 τρῶμα
885 2327 1048 2413 ἀνέλαβόν
1077 2356 1113 2397 τε
1145 2331 1201 2398 καὶ

193 2431 436 2516 ἀνεμαχέσαντο
473 2433 509 2496 οί
536 2436 650 2516 Κᾶρες.
700 2436 887 2519 πυθόμενοι
922 2437 985 2520 γάρ
1022 2437 1067 2513 ῶς
1103 2454 1200 2524 στρα-

192 2539 349 2604 τεύεσθαι
382 2537 538 2622 ὁρμέαται
570 2539 606 2602 οί
629 2537 757 2623 Πέρσαι
787 2536 839 2604 ἐπὶ
868 2541 926 2615 τὰς
952 2543 1046 2617 πόλις
1073 2543 1199 2627 σφέων,

193 2644 355 2729 ἐλόχησαν
386 2644 447 2727 την
479 2643 515 2708 ἐν
543 2642 690 2731 Πηδάσῳ
723 2643 818 2727 ὁδόν,
851 2644 884 2720 ές
914 2645 975 2728 την
1003 2645 1202 2729 ἐμπεσόντες
1307 2623 1308 2691 δ

193 2751 229 2816 οί
262 2748 390 2831 Πέρσαι
425 2750 543 2826 νυκτὸς
580 2749 812 2833 διεφθάρησαν
851 2747 905 2814 καὶ
942 2748 1036 2815 αὐτοὶ
1072 2751 1130 2818 καὶ
1168 2754 1203 2819 οί

193 2853 370 2939 στρατηγοὶ
398 2855 523 2937 αὐτῶν,
551 2858 725 2940 Δαυρίσης
751 2854 806 2921 καὶ
830 2851 990 2941 Ἀμόργης
1018 2855 1074 2922 καὶ
1103 2864 1201 2927 Σισι-

193 2963 309 3047 μάκης·
342 2964 405 3027 σὺν
433 2959 473 3026 δέ
503 2977 563 3045 σφι
595 2960 742 3026 ἀπέθανε
774 2958 830 3026 καὶ
857 2960 998 3044 Μύρσος
1025 2961 1043 3026 ὁ
1073 2966 1200 3049 Γύγεω.

192 3077 253 3133 τοῦ
285 3065 322 3132 δὲ
354 3070 455 3153 λόχου
486 3068 607 3132 τούτου
638 3065 769 3150 ἡγεμὼν
800 3061 842 3148 ἦν
868 3062 1085 3150 Ἡρακλείδης
1116 3065 1201 3153 Ἰβα·

192 3174 332 3248 νῶλλιος
363 3173 446 3257 ἀνὴρ
474 3172 662 3248 Μυλασεύς.
708 3165 800 3235 οὗτοι
826 3168 887 3250 μέν
913 3193 978 3234 νυν
1012 3181 1080 3236 τῶν
1110 3177 1200 3260 Περ-

142 3293 191 3344 122
202 3278 288 3344 σέων
316 3278 403 3342 οὕτω
432 3277 678 3361 διεφθάρησαν,
702 3271 834 3358 Ὑμαίης
861 3271 898 3338 δέ
924 3272 979 3338 καὶ
1006 3275 1105 3354 αὐτὸς
1133 3279 1201 3345 ἐῶν

192 3394 260 3449 τῶν
292 3382 534 3461 ἐπιδιωξάντων
563 3384 641 3458 τοὺς
672 3379 706 3456 ἐς
735 3379 862 3463 Σάρδις
893 3383 1202 3467 στρατευσαμένους

190 3487 324 3572 Ἰάνων,
347 3491 549 3573 τραπόμενος
572 3486 605 3562 ἐς
626 3486 688 3566 τὴν
711 3484 925 3566 Προποντίδα
948 3476 1013 3549 εἷλε
1030 3489 1118 3552 Κίον
1136 3492 1202 3574 τὴν
