2678 3970
420 269 487 324 ΜΒ.
502 266 562 322 VH.
599 266 675 322 cAP.
696 273 847 324 104--109
1055 271 1138 335 ’187

137 411 276 495 βασιλέϊ,
300 411 382 478 ἀλλὰ
405 411 609 498 διεκαρτέρεε
631 411 665 488 ἐς
682 412 720 477 τὸ
739 415 885 497 ἔσχατον.
922 414 967 491 ὡς
984 411 1016 480 δ’
1039 412 1141 482 οὐδὲν

136 521 186 582 ἔτι
203 521 332 603 φορβῆς
350 519 430 603 ἐνῆν
448 519 485 586 ἐν
502 526 548 606 τῷ
562 521 670 602 τείχεϊ,
689 521 857 602 συννήσας
871 521 981 605 πυρήν
994 522 1141 606 μεγάλην

136 623 258 708 ἔσφαξε
284 626 325 689 τὰ
352 624 450 689 τέκνα
476 621 532 689 καὶ
556 624 619 706 τήν
643 635 786 705 γυναῖκα
811 621 867 689 καὶ
896 625 953 701 τὰς
974 627 1141 704 παλλακὰς

136 728 292 806 καὶτοὺς
315 729 440 807 οἰκέτας
466 727 521 795 καλ
549 732 659 794 ἔπειτα
681 728 814 812 ἐσέβαλε
837 729 871 806 ἐς
891 730 929 794 τὸ
952 740 1034 816 πῦρ,
1060 735 1140 816 μετὰ

137 833 175 902 δέ
201 845 309 901 ταῦτα·
331 837 391 901 τὸν
419 837 545 920 χρυσὸν
567 835 695 900 ἅπαντα
721 837 781 901 τὸν
808 835 844 901 ἐκ
866 844 926 900 τοῦ
948 837 1063 914 ἄστεος
1084 836 1140 902 καὶ

7 931 9 938 ’
135 944 196 1008 τὸν
214 943 362 1027 ἄργυρον
381 944 510 1028 ἔσπειρε
527 941 591 1006 ἀπὸ
609 950 670 1008 τοῦ
687 945 809 1026 τείχεος
828 941 861 1018 ἐς
876 943 935 1007 τὸν
950 945 1139 1028 Στρυμόνα,
1191 972 1198 990 ¹

135 1051 276 1132 ποιήσας
303 1045 469 1114 δὲταῦτα
496 1045 621 1113 ἑαυτὸν
648 1046 781 1131 ἐσέβαλε
809 1048 842 1125 ἐς
867 1049 904 1114 τὸ
931 1057 1008 1133 πῦρ.
1052 1049 1140 1114 οὕτω

134 1151 198 1239 μὲν
225 1149 323 1230 οὗτος
346 1155 480 1230 δικαίως
503 1153 645 1219 αἰνέεται
668 1157 716 1219 ἐτι
738 1151 793 1218 καὶ
816 1154 850 1230 ἐς
870 1155 947 1220 τόδε
969 1154 1033 1220 ὑπὸ
1054 1157 1141 1240 Περ·
1193 1165 1201 1180 ·

136 1257 230 1326 σέων.
267 1258 391 1345 Ξέρξης
413 1256 451 1325 δέ
473 1259 509 1326 ἐκ
530 1267 592 1325 τοῦ
609 1263 781 1345 Δορίσκου
804 1259 978 1345 ἐπορεύετο
1000 1258 1053 1326 ἐπὶ
1069 1261 1196 1345 τήνιοο

131 1364 288 1449 Ἑλλάδα,
320 1368 399 1442 τοὺς
431 1362 467 1431 δέ
497 1363 561 1431 αίελ
588 1365 786 1451 γινομένους
818 1365 972 1451 ἐμποδὼν
1000 1384 1141 1452 συστρα-

134 1474 293 1538 τεύεσθαι
313 1470 482 1556 ἠνάγκαζε.
517 1472 720 1538 ἐδεδούλωτο
743 1472 817 1557 γάρ,
840 1473 885 1550 ὡς
906 1471 961 1538 καὶ
978 1475 1141 1557 πρότερόν

124 1603 193 1665 Ιμοι
222 1579 417 1662 δεδήλωται,
445 1577 466 1662 ή
490 1577 584 1664 μέχρι
607 1581 790 1662 Θεσσαλίης
816 1587 905 1644 πᾶσα
931 1573 1052 1662 καλήν
1075 1579 1139 1645 ὑπὸ

135 1684 274 1769 βασιλέα
297 1686 522 1770 δασμοφόρος,
545 1673 745 1768 Μεγαβύζου
767 1708 803 1749 τε
829 1682 1140 1770 καταστρεψαμένου

134 1789 191 1857 καὶ
212 1791 353 1876 ὕστερον
371 1791 580 1876 Μαρδονίου.
617 1793 834 1875 παραμείβετο
858 1787 896 1856 δέ
917 1793 1141 1877 πορευόμενος

7 1933 18 1960 ι
136 1899 172 1964 ἐκ
194 1900 366 1984 Δορίσκου
388 1906 501 1982 πρῶτα
523 1892 585 1980 μὲν
606 1897 647 1960 τὰ
668 1898 905 1981 Σαμοθρηίκια
926 1900 1049 1981 τείχεα,
1072 1907 1140 1962 τῶν

136 2004 253 2088 ἐσχάτη
276 2005 468 2068 πεπόλισται
491 2003 574 2088 πρὸς
597 1999 735 2087 εσπέρης
755 2004 850 2078 πόλις
867 2009 906 2086 τῇ
926 2002 1054 2085 οὔνομα
1044 2001 1141 2068 ’ἐστι

135 2111 346 2195 Μεσαμβρίη
391 2104 557 2193 ἔχεταιδὲ
579 2108 699 2191 ταύτης
722 2111 856 2172 Θασίων
877 2111 972 2184 πόλις
990 2109 1139 2193 Στρύμη,

136 2217 193 2282 διδ
215 2215 255 2280 δέ
276 2233 389 2300 σφεων
410 2222 472 2279 τοῦ
494 2211 598 2298 μέσου
620 2215 725 2290 Λίσος
746 2215 892 2298 ποταμὸς
915 2213 1119 2299 διαρρέει,“Ι
1103 2240 1140 2294 ος

134 2325 210 2388 τότε
232 2321 294 2388 οὐκ
312 2319 448 2405 ἀντέσχε
463 2319 501 2386 τὸ
519 2319 612 2402 ὕδωρ
630 2318 783 2404 παρέχων
800 2327 846 2408 τῷ
865 2319 992 2406 Ξέρξεω
1012 2329 1139 2411 στρατῷ

135 2423 208 2493 ἀλλ’
239 2426 377 2492 ἐπέλιπε.
422 2425 443 2509 ή
472 2422 509 2491 δὲ
538 2427 627 2510 χώρη
660 2425 743 2509 αύτη
774 2427 876 2491 πύλαι
902 2421 963 2510 μὲν
990 2425 1139 2494 ἐκαλέετο

135 2535 316 2616 Γαλλαϊκή,
344 2540 408 2599 νῦν
436 2529 473 2597 δέ
495 2533 689 2617 Βριαντική·
721 2534 790 2596 ἔστι
812 2529 925 2616 μέντοι
946 2539 992 2620 τῷ
1016 2534 1140 2600 δικαιο-

134 2640 220 2728 τύτφ
247 2649 315 2705 τῶν
341 2642 451 2722 λόγων
477 2635 532 2702 καὶ
555 2637 637 2720 αύτη
660 2640 824 2702 Κικόνων.
870 2637 987 2721 διαβὰς
1010 2635 1047 2702 δέ
1069 2647 1130 2702 τοῦ
1142 2659 1193 2708 109

134 2750 244 2812 Λίσου
278 2753 429 2830 ποταμοῦ
464 2744 502 2808 τὸ
538 2741 680 2829 ῥέεθρον
716 2740 984 2828 ἀπεξηρασμένον
1023 2746 1141 2820 πόλιας

130 2848 325 2934 Ἑλληνίδας
350 2851 451 2916 τάσδε
471 2851 710 2934 παραμείβετο,
738 2849 957 2931 Μαρώνειαν,
984 2850 1139 2933 Δίκαιαν,

135 2957 294 3044 Ἄβδηρα.
341 2958 462 3033 ταύτας
497 2979 533 3020 τε
565 2957 606 3039 δή
637 2951 791 3036 παρεξήιε
821 2950 877 3018 καὶ
907 2953 993 3017 κατδι
1019 2953 1140 3032 ταύτας

134 3067 252 3148 λίμνας
280 3063 465 3146 ὀνομαστὰς
486 3061 600 3142 τάσδε,
630 3061 831 3144 Μαρωνείης
858 3053 919 3142 μέν
942 3057 1062 3141 μεταξύ
1084 3058 1140 3125 καὶ

134 3171 290 3255 Στρύμης
312 3166 467 3252 κειμένην
486 3163 668 3250 Ἰσμαρίδα,
689 3165 772 3228 κατὰ
795 3159 833 3228 δὲ
855 3166 1000 3228 Δίκαιαν
1022 3167 1139 3230 Βιστο-

133 3277 223 3359 νίδα,
247 3275 281 3352 ἐς
301 3275 363 3358 τήν
384 3270 526 3356 ποταμοί
550 3271 612 3335 δὺο
636 3270 751 3335 ἐσιεῖσι
772 3270 810 3334 τὸ
828 3269 930 3354 ὕδωρ,
958 3273 1087 3355 Τραῦός
1103 3295 1139 3337 τε

133 3379 190 3446 καὶ
216 3384 402 3465 Κόμύατος.
446 3379 531 3443 κατὰ
560 3373 597 3441 δὲ
619 3373 769 3459 Ἀβδηρα
800 3377 921 3459 λίμνην
951 3371 1013 3460 μὲν
1044 3376 1139 3442 οὐδε-

134 3489 214 3566 μίαν
237 3487 359 3552 έοῦσαν
378 3483 567 3568 ὀνομαστήν
584 3483 813 3567 παραμείψατο
832 3478 966 3562 Ξέρξης,
989 3483 1139 3561 ποταμὸν
