2640 3960
426 247 494 301 ΜΒ.
508 245 554 302 Vl.
591 247 667 302 οΔΡ.
688 253 809 304 εει-οε.
1067 247 1110 310 97

106 389 201 467 τέλος
224 387 262 456 δέ
284 389 408 456 ἐόντων
430 387 505 474 περὶ
529 390 638 456 αὐτῶν
660 390 797 456 νεικέων
825 389 916 469 ἐδοξε
944 392 1111 474 Σπαρτιή-
1129 407 1165 456 σο

107 511 183 581 τησι
207 494 396 580 ἐπειρέσθαι
414 498 451 562 τὸ
470 498 670 582 χρηστήριον
688 497 725 562 τὸ
745 496 781 562 ἐν
799 500 964 580 Δελφοῖσι
983 499 1014 561 εί
1028 491 1112 581 Ἀρί-

109 616 236 678 στωνος
258 607 308 686 είη
331 612 407 678 παίς
425 601 443 668 ὁ
461 602 667 687 Δημάρητος.
700 602 856 668 ἀνοίστου
875 598 912 667 ἀλ
929 601 1111 686 γενομένου

109 705 145 771 ἐκ
166 710 327 791 προνοίης
349 713 407 792 τῆς
428 708 632 792 Κλεομένεος
655 707 688 785 ἐς
709 708 770 792 τήν
792 710 941 791 Πυθίην,
965 707 1112 773 ἐνθαῦτα

108 811 340 895 προσποιέεται
370 812 560 898 Κλεομένης
586 816 731 898 Κόβωνα
757 813 817 879 τὸν
841 810 1111 897 Ἀριστοφάντου,

108 917 216 1004 ἀνδρα
240 918 277 984 έν
298 922 463 1002 Δελφοῖσι
488 919 733 985 δυναστεύοντα
755 917 920 1004 μέγιστον,
944 917 962 984 δ
987 913 1024 984 δέ
1046 919 1112 984 Κό-

4 1075 6 1102 ,
109 1027 179 1107 βων
199 1026 389 1110 Περίαλλαν
407 1025 468 1109 τὴν
486 1026 671 1110 πρόμαντιν
685 1023 858 1089 ἀναπείθει
870 1026 911 1088 τὰ
923 1023 1113 1110 Κλεομένης

108 1130 264 1214 ἐβούλετο
287 1128 444 1211 λέγεσθαι
466 1128 584 1213 λέγειν.
624 1129 711 1195 οὕτω
734 1129 776 1212 δή
798 1129 819 1213 ή
839 1133 955 1214 Πυθίη
979 1130 1112 1214 ἐπειρω·

108 1238 245 1301 τώυτων
276 1245 343 1300 τῶν
374 1237 574 1321 θεοπρόπων
602 1237 709 1321 ἔκρινε
736 1234 780 1319 μή
805 1231 1001 1318 Ἀρίστωυος
1027 1230 1112 1302 εἶναι

108 1343 312 1428 Δημάρητον
343 1342 453 1406 παίδα.
498 1339 625 1429 ὑστέρφ
657 1340 770 1426 μέντοι
801 1343 910 1428 χρόνῳ
942 1341 1112 1408 ἀνάπυστα

109 1448 240 1533 ἐγένετο
262 1455 375 1530 ταῦτα,
407 1445 462 1511 καὶ
490 1449 613 1530 Κόβων
644 1469 679 1512 τε
707 1449 809 1530 ἔφυγε
832 1446 869 1511 ἐκ
889 1451 1035 1532 Δελφῶν
1056 1445 1112 1512 καὶ

109 1556 280 1639 Περίαλλα
301 1551 322 1636 ή
345 1553 525 1637 πρόμαντις
547 1552 699 1636 ἐπαύσθη
722 1561 779 1637 τῆς
800 1561 903 1637 τιμής.
946 1553 1028 1618 κατὰ
1050 1547 1111 1637 μέν
1129 1569 1165 1616 6⁷

110 1660 152 1742 δή
179 1659 382 1742 Δημαρήτου
413 1658 475 1741 τήν
505 1658 710 1723 κατάπαυσιν
741 1666 800 1741 τῆς
826 1660 999 1742 βασιληίης
1025 1657 1111 1723 οὕτω

109 1762 252 1849 ἐγένετο,
276 1765 395 1846 ἔφευγε
419 1759 456 1829 δὲ
473 1763 671 1848 Δημάρητος
693 1762 729 1828 ἐκ
746 1762 903 1847 Σπάρτης
920 1763 954 1841 ἐς
970 1763 1113 1846 Μήδους

110 1871 147 1937 ἐκ
168 1869 302 1934 τοιοῦδε
324 1869 481 1945 ὀνείδεος·
505 1870 584 1953 μετά
605 1877 662 1952 τῆς
680 1871 852 1952 βασιληίης
870 1871 932 1953 τήν
949 1871 1112 1935 κατάπαυ-

109 1993 167 2042 σιν
190 1975 208 2040 ὁ
231 1973 430 2060 Δημάρητος
451 1967 531 2058 ἦρχε
554 1971 700 2058 αίρεθελς
723 1973 836 2059 ἀρχήν.
877 1970 963 2058 ἦσαν
985 1970 1046 2059 μὲν
1070 1975 1111 2059 δή

110 2081 364 2166 γυμνοπαιδίαι,
395 2077 569 2164 θεωμένου
596 2075 633 2144 δὲ
659 2087 720 2143 τοῦ
745 2082 949 2163 Δημαρήτου
980 2079 998 2145 δ
1026 2084 1112 2146 Λευ-

109 2188 260 2272 τυχίδης,
287 2185 433 2269 γεγονὼς
458 2185 522 2268 ήδη
547 2184 672 2266 [αὐτὸς]
700 2186 854 2268 βασιλεὺς
876 2178 947 2248 ἀντ’
972 2184 1111 2268 ἐκείνου,

110 2293 241 2378 πέμψας
257 2292 317 2357 τὸν
334 2291 524 2376 θεράποντα
542 2287 594 2354 ἐπὶ
611 2287 732 2373 γέλωτί
746 2311 781 2356 τε
798 2287 853 2355 καὶ
871 2289 979 2376 λάσθη
994 2291 1112 2376 είράτα

110 2401 171 2465 τὸν
189 2397 391 2481 Δημάρητον
412 2396 524 2462 ὁκοῖόν
545 2418 577 2460 τι
600 2401 649 2479 είη
672 2397 709 2461 τὸ
732 2397 845 2482 ἀρχειν
867 2397 946 2480 μετά
963 2397 1000 2462 τὸ
1019 2399 1112 2479 βασι-

111 2505 231 2571 λεύειν.
255 2499 330 2568 ὁδέ
347 2502 491 2585 ἀλγήσας
512 2509 558 2589 τῷ
577 2501 812 2587 ἐπειρωτήματι
835 2496 904 2567 εάπε
927 2503 992 2586 φάς
1014 2502 1113 2580 αὐτὸς

111 2607 174 2696 μὲν
203 2606 399 2693 ἀμφοτέρων
425 2608 489 2691 ήδη
517 2613 751 2691 πεπειρῆσθαι,
782 2618 895 2672 κείνου
917 2603 954 2673 δὲ
976 2607 1029 2690 οὔ,
1051 2608 1113 2688 τήν

111 2716 227 2801 μέντοι
249 2713 464 2797 ἐπειρώτησιν
489 2713 613 2796 ταύτην
639 2711 751 2797 ἀρξειν
773 2713 1064 2796 Λακεδαιμονίοισι
1090 2711 1112 2795 ή

113 2823 235 2907 μυρίης
266 2821 444 2902 κακότητος
475 2817 495 2901 ή
528 2821 647 2904 μυρίης
678 2817 898 2902 εὐδαιμονίης.
942 2825 1043 2882 ταῦτα
1075 2812 1112 2883 δὲ

114 2933 206 3002 είπας
228 2921 283 2990 καὶ
304 2923 615 3007 κατακαλυψάμενος
636 2925 687 3006 ήιε
710 2923 745 2988 ἐκ
767 2931 827 3014 τοῦ
848 2924 994 3005 θεήτρου
1017 2920 1050 2998 ἐς
1071 2923 1112 2986 τά

114 3032 241 3098 ἑωυτοῦ
268 3033 370 3113 οίκία,
403 3029 517 3094 αὐτίκα
549 3026 587 3094 δὲ
611 3027 942 3113 παρασκευασάμενος
964 3028 1044 3091 ἔθυε
1065 3035 1111 3115 τῷ

113 3135 173 3204 Διὶ
191 3128 287 3220 βοῦν,
310 3135 418 3211 θύσας
436 3130 473 3198 δὲ
490 3135 551 3218 τήν
569 3131 691 3218 μητέρα
709 3133 848 3197 ἐκάλεσε.
876 3130 1055 3219 ἀπικομένη
1075 3128 1118 3199 δὲΙ
1130 3151 1164 3200 68

113 3253 152 3329 τῇ
176 3239 275 3328 μητρὶ
297 3238 408 3316 ἐσθεὶς
426 3239 459 3316 ἐς
475 3240 532 3316 τάς
549 3239 659 3323 χεῖράς
676 3238 711 3303 οί
725 3249 793 3302 τῶν
811 3235 1007 3322 σπλάγχνων
1024 3261 1112 3304 κατι-

113 3347 236 3430 κέτευε,
260 3345 366 3430 λέγων
383 3345 506 3411 τοιάδε·
524 3335 562 3409 Ὠ
578 3353 688 3430 μῆτερ,
706 3349 798 3408 θεῶν
816 3360 853 3409 σε
869 3353 937 3409 τῶν
954 3367 989 3409 τε
1002 3344 1112 3410 ἀλλων

114 3455 357 3537 καταπτόμενος
389 3451 520 3516 ίιιετεάω
556 3447 611 3514 καὶ
645 3457 706 3514 τοῦ
741 3447 868 3533 ἑρκείου
899 3451 983 3527 Διὸς
1013 3453 1112 3516 τοῦδε

168 3565 301 3608 Ηιιου.Π
885 3556 901 3606 λ
