<?xml version="1.0" encoding="UTF-8"?>
<!DOCTYPE html PUBLIC "-//W3C//DTD XHTML 1.0 Transitional//EN"
    "http://www.w3.org/TR/xhtml1/DTD/xhtml1-transitional.dtd">
<html xmlns="http://www.w3.org/1999/xhtml" xml:lang="en" lang="en">
 <head>
  <title>
</title>
<meta http-equiv="Content-Type" content="text/html;charset=utf-8" />
  <meta name='ocr-system' content='tesseract 3.04.00' />
  <meta name='ocr-capabilities' content='ocr_page ocr_carea ocr_par ocr_line ocrx_word'/>
</head>
<body>
  <div class='ocr_page' id='page_1' title='image "./herodotihistori07herogoog_0078.png"; bbox 0 0 2572 3980; ppageno 0'>
   <div class='ocr_carea' id='block_1_1' title="bbox 388 283 1074 348">
    <p class='ocr_par' dir='ltr' id='par_1_1' title="bbox 388 283 1074 348">
     <span class='ocr_line' id='line_1_1' title="bbox 388 283 1074 348; baseline 0.015 -10"><span class='ocrx_word' id='word_1_1' title='bbox 388 283 455 340; x_wconf 74' lang='grc' dir='ltr'><em>ΗΒ.</em></span> <span class='ocrx_word' id='word_1_2' title='bbox 469 284 503 341; x_wconf 82' lang='lat' dir='ltr'><em>v.</em></span> <span class='ocrx_word' id='word_1_3' title='bbox 536 284 611 340; x_wconf 76' lang='lat' dir='ltr'><strong>OAP.</strong></span> <span class='ocrx_word' id='word_1_4' title='bbox 632 291 754 341; x_wconf 82' lang='grc' dir='ltr'><em>οο-ιι.</em></span> <span class='ocrx_word' id='word_1_5' title='bbox 1034 284 1074 348; x_wconf 86' lang='grc'><em>21</em></span> 
     </span>
    </p>
   </div>
   <div class='ocr_carea' id='block_1_2' title="bbox 69 426 1130 936">
    <p class='ocr_par' dir='ltr' id='par_1_2' title="bbox 69 426 1130 936">
     <span class='ocr_line' id='line_1_2' title="bbox 69 426 1130 516; baseline 0.003 -26"><span class='ocrx_word' id='word_1_6' title='bbox 69 434 131 491; x_wconf 85' lang='grc' dir='ltr'><em>τοῦ</em></span> <span class='ocrx_word' id='word_1_7' title='bbox 155 426 393 512; x_wconf 79' lang='grc' dir='ltr'><em>Δημαρμένου,</em></span> <span class='ocrx_word' id='word_1_8' title='bbox 418 427 527 494; x_wconf 87' lang='grc' dir='ltr'><em>οὐκέτι</em></span> <span class='ocrx_word' id='word_1_9' title='bbox 546 431 648 494; x_wconf 80' lang='grc' dir='ltr'><strong><em>ἔτικτε</em></strong></span> <span class='ocrx_word' id='word_1_10' title='bbox 665 431 703 496; x_wconf 89' lang='grc' dir='ltr'><em>τὸ</em></span> <span class='ocrx_word' id='word_1_11' title='bbox 723 431 888 516; x_wconf 89' lang='grc' dir='ltr'><em>δεύτερον.</em></span> <span class='ocrx_word' id='word_1_12' title='bbox 920 426 1017 514; x_wconf 72' lang='grc' dir='ltr'><em>ὑμῖν</em></span> <span class='ocrx_word' id='word_1_13' title='bbox 1037 429 1078 512; x_wconf 81' lang='grc' dir='ltr'><em>δή</em></span> <span class='ocrx_word' id='word_1_14' title='bbox 1097 446 1130 494; x_wconf 71' lang='grc'><em>44</em></span> 
     </span>
     <span class='ocr_line' id='line_1_3' title="bbox 71 529 1079 620; baseline 0.004 -23"><span class='ocrx_word' id='word_1_15' title='bbox 71 533 273 616; x_wconf 79' lang='grc' dir='ltr'><strong><em>Κλεομένης,</em></strong></span> <span class='ocrx_word' id='word_1_16' title='bbox 299 533 344 610; x_wconf 83' lang='grc' dir='ltr'><em>ὡς</em></span> <span class='ocrx_word' id='word_1_17' title='bbox 368 533 507 618; x_wconf 78' lang='grc' dir='ltr'><em>λέγεται,</em></span> <span class='ocrx_word' id='word_1_18' title='bbox 529 529 572 618; x_wconf 87' lang='grc' dir='ltr'><em>ήν</em></span> <span class='ocrx_word' id='word_1_19' title='bbox 590 557 625 600; x_wconf 90' lang='grc' dir='ltr'><em>τε</em></span> <span class='ocrx_word' id='word_1_20' title='bbox 644 535 685 600; x_wconf 88' lang='grc' dir='ltr'><em>οὐ</em></span> <span class='ocrx_word' id='word_1_21' title='bbox 704 539 872 620; x_wconf 80' lang='grc' dir='ltr'><em>φρενήρης</em></span> <span class='ocrx_word' id='word_1_22' title='bbox 890 535 1079 620; x_wconf 78' lang='grc' dir='ltr'><em>ἀκρομανής</em></span> 
     </span>
     <span class='ocr_line' id='line_1_4' title="bbox 70 621 1079 726; baseline 0.004 -24"><span class='ocrx_word' id='word_1_23' title='bbox 70 662 114 720; x_wconf 92' lang='grc' dir='ltr'><em>τε,</em></span> <span class='ocrx_word' id='word_1_24' title='bbox 139 639 159 704; x_wconf 86' lang='grc' dir='ltr'>ὁ</span> <span class='ocrx_word' id='word_1_25' title='bbox 182 636 220 703; x_wconf 74' lang='grc' dir='ltr'><em>δέ</em></span> <span class='ocrx_word' id='word_1_26' title='bbox 242 642 395 724; x_wconf 86' lang='grc' dir='ltr'><em>Δωριεύς</em></span> <span class='ocrx_word' id='word_1_27' title='bbox 416 636 458 724; x_wconf 85' lang='grc' dir='ltr'><em>ήν</em></span> <span class='ocrx_word' id='word_1_28' title='bbox 481 650 547 705; x_wconf 84' lang='grc' dir='ltr'><em>τῶν</em></span> <span class='ocrx_word' id='word_1_29' title='bbox 570 621 694 724; x_wconf 79' lang='grc' dir='ltr'><em>ήλίκων</em></span> <span class='ocrx_word' id='word_1_30' title='bbox 716 642 850 706; x_wconf 86' lang='grc' dir='ltr'><em>πάντων</em></span> <span class='ocrx_word' id='word_1_31' title='bbox 872 653 1017 726; x_wconf 85' lang='grc' dir='ltr'><em>πρῶτος,</em></span> <span class='ocrx_word' id='word_1_32' title='bbox 1041 635 1079 706; x_wconf 87' lang='grc' dir='ltr'><em>εὖ</em></span> 
     </span>
     <span class='ocr_line' id='line_1_5' title="bbox 70 739 1079 832; baseline 0.003 -24"><span class='ocrx_word' id='word_1_33' title='bbox 70 767 104 809; x_wconf 91' lang='grc' dir='ltr'><em>τε</em></span> <span class='ocrx_word' id='word_1_34' title='bbox 124 744 277 810; x_wconf 89' lang='grc' dir='ltr'><em>έπίστατο</em></span> <span class='ocrx_word' id='word_1_35' title='bbox 295 739 366 810; x_wconf 86' lang='grc' dir='ltr'><em>κατ’</em></span> <span class='ocrx_word' id='word_1_36' title='bbox 387 747 620 832; x_wconf 75' lang='grc' dir='ltr'><em>ἀνδραγαθίην</em></span> <span class='ocrx_word' id='word_1_37' title='bbox 639 747 738 823; x_wconf 85' lang='grc' dir='ltr'><em>αὐτὸς</em></span> <span class='ocrx_word' id='word_1_38' title='bbox 756 750 888 830; x_wconf 79' lang='grc' dir='ltr'><em>σχήσων</em></span> <span class='ocrx_word' id='word_1_39' title='bbox 906 748 967 830; x_wconf 88' lang='grc' dir='ltr'><em>τήν</em></span> <span class='ocrx_word' id='word_1_40' title='bbox 986 749 1079 830; x_wconf 83' lang='grc' dir='ltr'><em>βασι-</em></span> 
     </span>
     <span class='ocr_line' id='line_1_6' title="bbox 70 845 1078 936; baseline 0.001 -22"><span class='ocrx_word' id='word_1_41' title='bbox 70 854 178 933; x_wconf 92' lang='grc' dir='ltr'><em>ληίην.</em></span> <span class='ocrx_word' id='word_1_42' title='bbox 202 851 285 915; x_wconf 82' lang='grc' dir='ltr'><em>ὥστε</em></span> <span class='ocrx_word' id='word_1_43' title='bbox 303 845 351 916; x_wconf 81' lang='grc' dir='ltr'><em>ὧν</em></span> <span class='ocrx_word' id='word_1_44' title='bbox 370 852 457 917; x_wconf 88' lang='grc' dir='ltr'><em>ούτω</em></span> <span class='ocrx_word' id='word_1_45' title='bbox 476 850 642 936; x_wconf 80' lang='grc' dir='ltr'><em>φρονέων,</em></span> <span class='ocrx_word' id='word_1_46' title='bbox 662 852 774 935; x_wconf 83' lang='grc' dir='ltr'><em>ἐπειδή</em></span> <span class='ocrx_word' id='word_1_47' title='bbox 789 853 807 917; x_wconf 82' lang='grc' dir='ltr'>ὅ</span> <span class='ocrx_word' id='word_1_48' title='bbox 821 875 856 916; x_wconf 89' lang='grc' dir='ltr'><em>τε</em></span> <span class='ocrx_word' id='word_1_49' title='bbox 867 849 1078 936; x_wconf 82' lang='grc' dir='ltr'><em>Ἀναξανδρί-</em></span> 
     </span>
    </p>
   </div>
   <div class='ocr_carea' id='block_1_3' title="bbox 65 955 1130 3578">
    <p class='ocr_par' dir='ltr' id='par_1_3' title="bbox 65 955 1130 3578">
     <span class='ocr_line' id='line_1_7' title="bbox 71 955 1078 1045; baseline 0.001 -25"><span class='ocrx_word' id='word_1_50' title='bbox 71 958 131 1038; x_wconf 90' lang='grc' dir='ltr'><em>δης</em></span> <span class='ocrx_word' id='word_1_51' title='bbox 155 955 303 1021; x_wconf 79' lang='grc' dir='ltr'><em>ἀπέθανε</em></span> <span class='ocrx_word' id='word_1_52' title='bbox 325 955 381 1021; x_wconf 84' lang='grc' dir='ltr'><em>καὶ</em></span> <span class='ocrx_word' id='word_1_53' title='bbox 401 958 436 1022; x_wconf 86' lang='grc' dir='ltr'><em>οῖ</em></span> <span class='ocrx_word' id='word_1_54' title='bbox 451 959 709 1042; x_wconf 89' lang='grc' dir='ltr'><em>Λακεδαιμόνιοι</em></span> <span class='ocrx_word' id='word_1_55' title='bbox 727 959 908 1042; x_wconf 81' lang='grc' dir='ltr'><em>χρεώμενοι</em></span> <span class='ocrx_word' id='word_1_56' title='bbox 925 965 970 1045; x_wconf 79' lang='grc' dir='ltr'><em>τῳ</em></span> <span class='ocrx_word' id='word_1_57' title='bbox 986 959 1078 1043; x_wconf 89' lang='grc' dir='ltr'><em>νόμῳ</em></span> 
     </span>
     <span class='ocr_line' id='line_1_8' title="bbox 70 1061 1078 1150; baseline 0.001 -24"><span class='ocrx_word' id='word_1_58' title='bbox 70 1061 251 1145; x_wconf 88' lang='grc' dir='ltr'><em>έστήσαντο</em></span> <span class='ocrx_word' id='word_1_59' title='bbox 270 1061 406 1146; x_wconf 78' lang='grc' dir='ltr'><em>βασιλέα</em></span> <span class='ocrx_word' id='word_1_60' title='bbox 423 1064 483 1128; x_wconf 89' lang='grc' dir='ltr'><em>τὸν</em></span> <span class='ocrx_word' id='word_1_61' title='bbox 501 1065 727 1150; x_wconf 85' lang='grc' dir='ltr'><em>πρεσβύτατον</em></span> <span class='ocrx_word' id='word_1_62' title='bbox 747 1061 945 1148; x_wconf 79' lang='grc' dir='ltr'><em>Κλεομένεα,</em></span> <span class='ocrx_word' id='word_1_63' title='bbox 970 1062 1078 1129; x_wconf 89' lang='grc' dir='ltr'><em>ὁΔω-</em></span> 
     </span>
     <span class='ocr_line' id='line_1_9' title="bbox 71 1167 1078 1253; baseline 0.004 -22"><span class='ocrx_word' id='word_1_64' title='bbox 71 1170 163 1252; x_wconf 86' lang='grc' dir='ltr'><em>ριεὺς</em></span> <span class='ocrx_word' id='word_1_65' title='bbox 182 1169 296 1232; x_wconf 88' lang='grc' dir='ltr'><em>δεινόν</em></span> <span class='ocrx_word' id='word_1_66' title='bbox 313 1190 349 1232; x_wconf 86' lang='grc' dir='ltr'><em>τε</em></span> <span class='ocrx_word' id='word_1_67' title='bbox 366 1170 562 1253; x_wconf 81' lang='grc' dir='ltr'><em>ποιεύμενος</em></span> <span class='ocrx_word' id='word_1_68' title='bbox 579 1167 634 1235; x_wconf 80' lang='grc' dir='ltr'><em>καί</em></span> <span class='ocrx_word' id='word_1_69' title='bbox 653 1169 715 1234; x_wconf 88' lang='grc' dir='ltr'><em>ούκ</em></span> <span class='ocrx_word' id='word_1_70' title='bbox 734 1167 834 1248; x_wconf 86' lang='grc' dir='ltr'><em>ἀξιῶν</em></span> <span class='ocrx_word' id='word_1_71' title='bbox 852 1169 917 1235; x_wconf 87' lang='grc' dir='ltr'><em>ὑπὸ</em></span> <span class='ocrx_word' id='word_1_72' title='bbox 935 1167 1078 1253; x_wconf 89' lang='grc' dir='ltr'><em>Κλεομέ-</em></span> 
     </span>
     <span class='ocr_line' id='line_1_10' title="bbox 70 1270 1080 1359; baseline 0.003 -22"><span class='ocrx_word' id='word_1_73' title='bbox 70 1296 147 1349; x_wconf 86' lang='grc' dir='ltr'><em>νεος</em></span> <span class='ocrx_word' id='word_1_74' title='bbox 170 1273 424 1356; x_wconf 82' lang='grc' dir='ltr'><em>βασιλεύεσθαι,</em></span> <span class='ocrx_word' id='word_1_75' title='bbox 457 1277 592 1357; x_wconf 80' lang='grc' dir='ltr'><em>αἰτήσας</em></span> <span class='ocrx_word' id='word_1_76' title='bbox 619 1275 704 1340; x_wconf 83' lang='grc' dir='ltr'><em>λεὼν</em></span> <span class='ocrx_word' id='word_1_77' title='bbox 727 1277 937 1359; x_wconf 80' lang='grc' dir='ltr'><em>Σπαρτιήτας</em></span> <span class='ocrx_word' id='word_1_78' title='bbox 964 1270 1023 1356; x_wconf 81' lang='grc' dir='ltr'><em>ήγε</em></span> <span class='ocrx_word' id='word_1_79' title='bbox 1046 1274 1080 1352; x_wconf 84' lang='grc' dir='ltr'><em>ές</em></span> 
     </span>
     <span class='ocr_line' id='line_1_11' title="bbox 70 1373 1078 1468; baseline 0.002 -26"><span class='ocrx_word' id='word_1_80' title='bbox 70 1373 238 1461; x_wconf 89' lang='grc' dir='ltr'><em>ἀποικίην,</em></span> <span class='ocrx_word' id='word_1_81' title='bbox 262 1379 338 1443; x_wconf 80' lang='grc' dir='ltr'><em>οὔτε</em></span> <span class='ocrx_word' id='word_1_82' title='bbox 360 1387 405 1466; x_wconf 79' lang='grc' dir='ltr'><em>τῳ</em></span> <span class='ocrx_word' id='word_1_83' title='bbox 426 1379 462 1444; x_wconf 87' lang='grc' dir='ltr'><em>έν</em></span> <span class='ocrx_word' id='word_1_84' title='bbox 480 1385 645 1463; x_wconf 81' lang='grc' dir='ltr'><em>Δελφοῖσι</em></span> <span class='ocrx_word' id='word_1_85' title='bbox 667 1384 853 1468; x_wconf 79' lang='grc' dir='ltr'><em>χρηστηρίῳ</em></span> <span class='ocrx_word' id='word_1_86' title='bbox 873 1380 1078 1466; x_wconf 80' lang='grc' dir='ltr'><em>χρησάμενος</em></span> 
     </span>
     <span class='ocr_line' id='line_1_12' title="bbox 69 1483 1077 1570; baseline 0 -21"><span class='ocrx_word' id='word_1_87' title='bbox 69 1483 103 1560; x_wconf 87' lang='grc' dir='ltr'><em>ές</em></span> <span class='ocrx_word' id='word_1_88' title='bbox 121 1485 241 1566; x_wconf 88' lang='grc' dir='ltr'><em>ήντινα</em></span> <span class='ocrx_word' id='word_1_89' title='bbox 259 1493 323 1568; x_wconf 80' lang='grc' dir='ltr'><em>μήν</em></span> <span class='ocrx_word' id='word_1_90' title='bbox 340 1487 462 1550; x_wconf 89' lang='grc' dir='ltr'><em>κτίσων</em></span> <span class='ocrx_word' id='word_1_91' title='bbox 482 1491 526 1570; x_wconf 85' lang='grc' dir='ltr'><em>λη,</em></span> <span class='ocrx_word' id='word_1_92' title='bbox 542 1487 617 1550; x_wconf 77' lang='grc' dir='ltr'><em>οὔτε</em></span> <span class='ocrx_word' id='word_1_93' title='bbox 635 1489 775 1569; x_wconf 85' lang='grc' dir='ltr'><em>ποιήσας</em></span> <span class='ocrx_word' id='word_1_94' title='bbox 789 1484 890 1551; x_wconf 78' lang='grc' dir='ltr'><em>οὐδέν</em></span> <span class='ocrx_word' id='word_1_95' title='bbox 903 1497 970 1552; x_wconf 82' lang='grc' dir='ltr'><em>τῶν</em></span> <span class='ocrx_word' id='word_1_96' title='bbox 983 1509 1077 1570; x_wconf 89' lang='grc' dir='ltr'><em>νομι-</em></span> 
     </span>
     <span class='ocr_line' id='line_1_13' title="bbox 70 1581 1079 1676; baseline 0.001 -22"><span class='ocrx_word' id='word_1_97' title='bbox 70 1587 228 1672; x_wconf 83' lang='grc' dir='ltr'><em>ζομένων.</em></span> <span class='ocrx_word' id='word_1_98' title='bbox 252 1581 306 1653; x_wconf 86' lang='grc' dir='ltr'><em>οἷα</em></span> <span class='ocrx_word' id='word_1_99' title='bbox 325 1586 362 1654; x_wconf 70' lang='grc' dir='ltr'><em>δέ</em></span> <span class='ocrx_word' id='word_1_100' title='bbox 380 1590 507 1676; x_wconf 89' lang='grc' dir='ltr'><em>βαρέως</em></span> <span class='ocrx_word' id='word_1_101' title='bbox 525 1589 649 1676; x_wconf 85' lang='grc' dir='ltr'><em>φέρων,</em></span> <span class='ocrx_word' id='word_1_102' title='bbox 670 1591 757 1657; x_wconf 86' lang='grc' dir='ltr'><em>ἀπίει</em></span> <span class='ocrx_word' id='word_1_103' title='bbox 772 1592 805 1670; x_wconf 83' lang='grc' dir='ltr'><em>ές</em></span> <span class='ocrx_word' id='word_1_104' title='bbox 818 1595 879 1676; x_wconf 84' lang='grc' dir='ltr'><em>τήν</em></span> <span class='ocrx_word' id='word_1_105' title='bbox 892 1593 1025 1676; x_wconf 91' lang='grc' dir='ltr'><em>Λιβύην</em></span> <span class='ocrx_word' id='word_1_106' title='bbox 1038 1593 1079 1656; x_wconf 85' lang='grc' dir='ltr'><em>τὰ</em></span> 
     </span>
     <span class='ocr_line' id='line_1_14' title="bbox 67 1692 1078 1782; baseline 0.005 -25"><span class='ocrx_word' id='word_1_107' title='bbox 67 1700 184 1758; x_wconf 88' lang='grc' dir='ltr'><em>πλοῖα·</em></span> <span class='ocrx_word' id='word_1_108' title='bbox 206 1692 405 1778; x_wconf 81' lang='grc' dir='ltr'><em>κατηγέοντο</em></span> <span class='ocrx_word' id='word_1_109' title='bbox 426 1695 465 1761; x_wconf 91' lang='grc' dir='ltr'><em>δέ</em></span> <span class='ocrx_word' id='word_1_110' title='bbox 477 1697 512 1761; x_wconf 88' lang='grc' dir='ltr'><em>οί</em></span> <span class='ocrx_word' id='word_1_111' title='bbox 523 1697 643 1780; x_wconf 80' lang='grc' dir='ltr'><em>ἀνδρες</em></span> <span class='ocrx_word' id='word_1_112' title='bbox 656 1701 804 1782; x_wconf 78' lang='grc' dir='ltr'><em>Θηραῖοι.</em></span> <span class='ocrx_word' id='word_1_113' title='bbox 829 1697 1026 1781; x_wconf 88' lang='grc' dir='ltr'><em>ἀπικόμενος</em></span> <span class='ocrx_word' id='word_1_114' title='bbox 1041 1693 1078 1762; x_wconf 73' lang='grc' dir='ltr'><em>δέ</em></span> 
     </span>
     <span class='ocr_line' id='line_1_15' title="bbox 69 1800 1078 1887; baseline 0 -21"><span class='ocrx_word' id='word_1_115' title='bbox 69 1800 103 1877; x_wconf 90' lang='grc' dir='ltr'><em>ές</em></span> <span class='ocrx_word' id='word_1_116' title='bbox 126 1803 263 1866; x_wconf 84' lang='grc' dir='ltr'><em>Κίνυπα</em></span> <span class='ocrx_word' id='word_1_117' title='bbox 286 1807 390 1867; x_wconf 87' lang='grc' dir='ltr'><em>οίκισε</em></span> <span class='ocrx_word' id='word_1_118' title='bbox 412 1813 522 1887; x_wconf 85' lang='grc' dir='ltr'><em>χῶρον</em></span> <span class='ocrx_word' id='word_1_119' title='bbox 544 1803 720 1868; x_wconf 80' lang='grc' dir='ltr'><em>κάλλιστον</em></span> <span class='ocrx_word' id='word_1_120' title='bbox 743 1814 810 1868; x_wconf 84' lang='grc' dir='ltr'><em>τῶν</em></span> <span class='ocrx_word' id='word_1_121' title='bbox 834 1805 972 1887; x_wconf 83' lang='grc' dir='ltr'><em>Λιβύων</em></span> <span class='ocrx_word' id='word_1_122' title='bbox 990 1803 1078 1886; x_wconf 80' lang='grc' dir='ltr'><em>παρὰ</em></span> 
     </span>
     <span class='ocr_line' id='line_1_16' title="bbox 69 1905 1081 1996; baseline 0.002 -27"><span class='ocrx_word' id='word_1_123' title='bbox 69 1905 236 1991; x_wconf 85' lang='grc' dir='ltr'><em>(Κίνυπα)</em></span> <span class='ocrx_word' id='word_1_124' title='bbox 259 1910 416 1992; x_wconf 90' lang='grc' dir='ltr'><em>ποταμόν.</em></span> <span class='ocrx_word' id='word_1_125' title='bbox 446 1906 633 1986; x_wconf 76' lang='grc' dir='ltr'><em>ἐξελασθεὶς</em></span> <span class='ocrx_word' id='word_1_126' title='bbox 657 1905 693 1972; x_wconf 70' lang='grc' dir='ltr'><em>δέ</em></span> <span class='ocrx_word' id='word_1_127' title='bbox 717 1908 875 1974; x_wconf 78' lang='grc' dir='ltr'><em>ἐνθεῦτεν</em></span> <span class='ocrx_word' id='word_1_128' title='bbox 892 1913 990 1996; x_wconf 89' lang='grc' dir='ltr'><em>τρίτῳ</em></span> <span class='ocrx_word' id='word_1_129' title='bbox 1015 1910 1081 1972; x_wconf 81' lang='grc' dir='ltr'><em>ἔτει</em></span> 
     </span>
     <span class='ocr_line' id='line_1_17' title="bbox 69 2009 1079 2099; baseline 0.001 -22"><span class='ocrx_word' id='word_1_130' title='bbox 69 2012 136 2077; x_wconf 87' lang='grc' dir='ltr'><em>ὑπὸ</em></span> <span class='ocrx_word' id='word_1_131' title='bbox 160 2009 364 2078; x_wconf 86' lang='grc' dir='ltr'><em>Μακέωντε</em></span> <span class='ocrx_word' id='word_1_132' title='bbox 386 2015 524 2097; x_wconf 85' lang='grc' dir='ltr'><em>Λιβύων</em></span> <span class='ocrx_word' id='word_1_133' title='bbox 547 2011 602 2078; x_wconf 86' lang='grc' dir='ltr'><em>καλ</em></span> <span class='ocrx_word' id='word_1_134' title='bbox 623 2017 867 2099; x_wconf 76' lang='grc' dir='ltr'><em>Καρχηδονίων</em></span> <span class='ocrx_word' id='word_1_135' title='bbox 891 2015 1022 2079; x_wconf 86' lang='grc' dir='ltr'><em>ἀπίκετο</em></span> <span class='ocrx_word' id='word_1_136' title='bbox 1046 2013 1079 2090; x_wconf 85' lang='grc' dir='ltr'><em>ές</em></span> 
     </span>
     <span class='ocr_line' id='line_1_18' title="bbox 69 2113 1130 2205; baseline 0.004 -23"><span class='ocrx_word' id='word_1_137' title='bbox 69 2120 342 2200; x_wconf 88' lang='grc' dir='ltr'><em>Πελοπόννησον.</em></span> <span class='ocrx_word' id='word_1_138' title='bbox 362 2117 509 2183; x_wconf 76' lang='grc' dir='ltr'><em>ἐνθαῦτα</em></span> <span class='ocrx_word' id='word_1_139' title='bbox 519 2117 558 2183; x_wconf 86' lang='grc' dir='ltr'><em>δέ</em></span> <span class='ocrx_word' id='word_1_140' title='bbox 570 2119 605 2184; x_wconf 86' lang='grc' dir='ltr'><em>οῖ</em></span> <span class='ocrx_word' id='word_1_141' title='bbox 613 2113 802 2204; x_wconf 79' lang='grc' dir='ltr'><em>Ἀντιχάρης</em></span> <span class='ocrx_word' id='word_1_142' title='bbox 816 2117 1078 2205; x_wconf 82' lang='grc' dir='ltr'><em>ἀνήρἘλεώνιος</em></span> <span class='ocrx_word' id='word_1_143' title='bbox 1097 2137 1130 2186; x_wconf 83' lang='grc'><em>43</em></span> 
     </span>
     <span class='ocr_line' id='line_1_19' title="bbox 71 2221 1077 2310; baseline 0.002 -22"><span class='ocrx_word' id='word_1_144' title='bbox 71 2224 316 2306; x_wconf 86' lang='grc' dir='ltr'><em>συνεβούλευσε</em></span> <span class='ocrx_word' id='word_1_145' title='bbox 339 2223 375 2289; x_wconf 85' lang='grc' dir='ltr'><em>έκ</em></span> <span class='ocrx_word' id='word_1_146' title='bbox 402 2235 468 2288; x_wconf 86' lang='grc' dir='ltr'><em>τῶν</em></span> <span class='ocrx_word' id='word_1_147' title='bbox 491 2227 600 2289; x_wconf 83' lang='grc' dir='ltr'><em>Λαΐου</em></span> <span class='ocrx_word' id='word_1_148' title='bbox 623 2235 778 2310; x_wconf 79' lang='grc' dir='ltr'><em>χρησμῶν</em></span> <span class='ocrx_word' id='word_1_149' title='bbox 797 2221 994 2310; x_wconf 80' lang='grc' dir='ltr'><em>Ἡράκλειαν</em></span> <span class='ocrx_word' id='word_1_150' title='bbox 1016 2227 1077 2309; x_wconf 82' lang='grc' dir='ltr'><em>τήν</em></span> 
     </span>
     <span class='ocr_line' id='line_1_20' title="bbox 68 2327 1078 2417; baseline 0.001 -21"><span class='ocrx_word' id='word_1_151' title='bbox 68 2331 107 2396; x_wconf 88' lang='grc' dir='ltr'><em>έν</em></span> <span class='ocrx_word' id='word_1_152' title='bbox 126 2331 264 2414; x_wconf 79' lang='grc' dir='ltr'><em>Σικελίῃ</em></span> <span class='ocrx_word' id='word_1_153' title='bbox 278 2332 408 2411; x_wconf 84' lang='grc' dir='ltr'><em>κτίζειν,</em></span> <span class='ocrx_word' id='word_1_154' title='bbox 431 2331 496 2413; x_wconf 84' lang='grc' dir='ltr'><em>φάς</em></span> <span class='ocrx_word' id='word_1_155' title='bbox 513 2331 575 2414; x_wconf 85' lang='grc' dir='ltr'><em>τήν</em></span> <span class='ocrx_word' id='word_1_156' title='bbox 584 2329 726 2416; x_wconf 85' lang='grc' dir='ltr'><em>Ἔρυκος</em></span> <span class='ocrx_word' id='word_1_157' title='bbox 739 2331 851 2417; x_wconf 83' lang='grc' dir='ltr'><em>χώρην</em></span> <span class='ocrx_word' id='word_1_158' title='bbox 865 2340 974 2397; x_wconf 81' lang='grc' dir='ltr'><em>πᾶσαν</em></span> <span class='ocrx_word' id='word_1_159' title='bbox 993 2327 1078 2398; x_wconf 78' lang='grc' dir='ltr'><em>εἶναι</em></span> 
     </span>
     <span class='ocr_line' id='line_1_21' title="bbox 65 2432 1079 2522; baseline 0.001 -21"><span class='ocrx_word' id='word_1_160' title='bbox 65 2433 313 2521; x_wconf 86' lang='grc' dir='ltr'><em>Ἡρακλειδέων</em></span> <span class='ocrx_word' id='word_1_161' title='bbox 322 2432 610 2521; x_wconf 86' lang='grc' dir='ltr'><em>αὐτοῦἩρακλέος</em></span> <span class='ocrx_word' id='word_1_162' title='bbox 618 2437 833 2522; x_wconf 84' lang='grc' dir='ltr'><em>κτησαμένου.</em></span> <span class='ocrx_word' id='word_1_163' title='bbox 853 2438 870 2504; x_wconf 90' lang='grc' dir='ltr'>ὁ</span> <span class='ocrx_word' id='word_1_164' title='bbox 887 2435 922 2503; x_wconf 73' lang='grc' dir='ltr'><em>δὲ</em></span> <span class='ocrx_word' id='word_1_165' title='bbox 935 2439 1079 2514; x_wconf 86' lang='grc' dir='ltr'><em>ἀκούσας</em></span> 
     </span>
     <span class='ocr_line' id='line_1_22' title="bbox 68 2541 1080 2632; baseline 0.003 -26"><span class='ocrx_word' id='word_1_166' title='bbox 68 2551 175 2606; x_wconf 87' lang='grc' dir='ltr'><em>ταῦτα</em></span> <span class='ocrx_word' id='word_1_167' title='bbox 195 2541 228 2617; x_wconf 83' lang='grc' dir='ltr'><em>ές</em></span> <span class='ocrx_word' id='word_1_168' title='bbox 241 2543 399 2626; x_wconf 86' lang='grc' dir='ltr'><em>Δελφοὺς</em></span> <span class='ocrx_word' id='word_1_169' title='bbox 416 2548 523 2627; x_wconf 89' lang='grc' dir='ltr'><em>οίχετο</em></span> <span class='ocrx_word' id='word_1_170' title='bbox 543 2545 746 2628; x_wconf 86' lang='grc' dir='ltr'><em>χρησόμενος</em></span> <span class='ocrx_word' id='word_1_171' title='bbox 763 2552 808 2632; x_wconf 77' lang='grc' dir='ltr'><em>τῳ</em></span> <span class='ocrx_word' id='word_1_172' title='bbox 832 2547 1029 2630; x_wconf 89' lang='grc' dir='ltr'><em>χρηστηρίῳ,</em></span> <span class='ocrx_word' id='word_1_173' title='bbox 1049 2546 1080 2608; x_wconf 86' lang='grc' dir='ltr'><em>εί</em></span> 
     </span>
     <span class='ocr_line' id='line_1_23' title="bbox 72 2644 1077 2734; baseline 0.001 -22"><span class='ocrx_word' id='word_1_174' title='bbox 72 2646 178 2733; x_wconf 88' lang='grc' dir='ltr'><em>αίρέει</em></span> <span class='ocrx_word' id='word_1_175' title='bbox 197 2644 316 2731; x_wconf 78' lang='grc' dir='ltr'><em>ἐπ’-ἣν</em></span> <span class='ocrx_word' id='word_1_176' title='bbox 334 2646 500 2712; x_wconf 85' lang='grc' dir='ltr'><em>στέλλεται</em></span> <span class='ocrx_word' id='word_1_177' title='bbox 518 2651 643 2732; x_wconf 82' lang='grc' dir='ltr'><em>χώρην·</em></span> <span class='ocrx_word' id='word_1_178' title='bbox 665 2649 686 2733; x_wconf 83' lang='grc' dir='ltr'><em>ή</em></span> <span class='ocrx_word' id='word_1_179' title='bbox 706 2645 742 2714; x_wconf 71' lang='grc' dir='ltr'><em>δέ</em></span> <span class='ocrx_word' id='word_1_180' title='bbox 761 2653 878 2732; x_wconf 75' lang='grc' dir='ltr'><em>Πυθίη</em></span> <span class='ocrx_word' id='word_1_181' title='bbox 898 2651 933 2715; x_wconf 87' lang='grc' dir='ltr'><em>οί</em></span> <span class='ocrx_word' id='word_1_182' title='bbox 947 2658 1010 2734; x_wconf 86' lang='grc' dir='ltr'><em>χρᾷ</em></span> <span class='ocrx_word' id='word_1_183' title='bbox 1029 2651 1077 2713; x_wconf 86' lang='grc' dir='ltr'><em>αί-</em></span> 
     </span>
     <span class='ocr_line' id='line_1_24' title="bbox 70 2751 1078 2840; baseline 0.001 -22"><span class='ocrx_word' id='word_1_184' title='bbox 70 2758 197 2839; x_wconf 88' lang='grc' dir='ltr'><em>ρήσειν.</em></span> <span class='ocrx_word' id='word_1_185' title='bbox 220 2755 422 2838; x_wconf 83' lang='grc' dir='ltr'><em>παραλαβὼν</em></span> <span class='ocrx_word' id='word_1_186' title='bbox 446 2751 482 2818; x_wconf 74' lang='grc' dir='ltr'><em>δὲ</em></span> <span class='ocrx_word' id='word_1_187' title='bbox 501 2757 653 2840; x_wconf 84' lang='grc' dir='ltr'><em>Δωριεὺς</em></span> <span class='ocrx_word' id='word_1_188' title='bbox 671 2755 730 2818; x_wconf 90' lang='grc' dir='ltr'><em>τὸν</em></span> <span class='ocrx_word' id='word_1_189' title='bbox 749 2757 868 2819; x_wconf 91' lang='grc' dir='ltr'><em>στόλον</em></span> <span class='ocrx_word' id='word_1_190' title='bbox 890 2756 949 2818; x_wconf 92' lang='grc' dir='ltr'><em>τὸν</em></span> <span class='ocrx_word' id='word_1_191' title='bbox 972 2751 1027 2817; x_wconf 85' lang='grc' dir='ltr'><em>καὶ</em></span> <span class='ocrx_word' id='word_1_192' title='bbox 1045 2753 1078 2830; x_wconf 85' lang='grc' dir='ltr'><em>ές</em></span> 
     </span>
     <span class='ocr_line' id='line_1_25' title="bbox 71 2855 1130 2944; baseline 0 -19"><span class='ocrx_word' id='word_1_193' title='bbox 71 2859 207 2944; x_wconf 93' lang='grc' dir='ltr'><em>Λιβύην</em></span> <span class='ocrx_word' id='word_1_194' title='bbox 229 2855 289 2942; x_wconf 78' lang='grc' dir='ltr'><em>ἦγε</em></span> <span class='ocrx_word' id='word_1_195' title='bbox 312 2859 475 2942; x_wconf 76' lang='grc' dir='ltr'><em>ἐκομίζετο</em></span> <span class='ocrx_word' id='word_1_196' title='bbox 498 2861 586 2944; x_wconf 81' lang='grc' dir='ltr'><em>παρὰ</em></span> <span class='ocrx_word' id='word_1_197' title='bbox 607 2861 668 2944; x_wconf 86' lang='grc' dir='ltr'><em>τήν</em></span> <span class='ocrx_word' id='word_1_198' title='bbox 688 2857 838 2942; x_wconf 87' lang='grc' dir='ltr'><em>Ἰταλίην.</em></span> <span class='ocrx_word' id='word_1_199' title='bbox 871 2860 930 2923; x_wconf 88' lang='grc' dir='ltr'><em>τὸν</em></span> <span class='ocrx_word' id='word_1_200' title='bbox 952 2861 1076 2943; x_wconf 88' lang='grc' dir='ltr'><em>χρόνον</em></span> <span class='ocrx_word' id='word_1_201' title='bbox 1096 2875 1130 2926; x_wconf 87' lang='grc'><em>44</em></span> 
     </span>
     <span class='ocr_line' id='line_1_26' title="bbox 70 2961 1077 3051; baseline -0.003 -20"><span class='ocrx_word' id='word_1_202' title='bbox 70 2964 109 3031; x_wconf 72' lang='grc' dir='ltr'><em>δὲ</em></span> <span class='ocrx_word' id='word_1_203' title='bbox 128 2973 262 3046; x_wconf 86' lang='grc' dir='ltr'><em>τοῦτον,</em></span> <span class='ocrx_word' id='word_1_204' title='bbox 286 2964 330 3040; x_wconf 81' lang='grc' dir='ltr'><em>ὡς</em></span> <span class='ocrx_word' id='word_1_205' title='bbox 352 2962 487 3048; x_wconf 83' lang='grc' dir='ltr'><em>λέγουσι</em></span> <span class='ocrx_word' id='word_1_206' title='bbox 505 2967 700 3051; x_wconf 86' lang='grc' dir='ltr'><em>Συβαρῖται,</em></span> <span class='ocrx_word' id='word_1_207' title='bbox 725 2963 828 3048; x_wconf 83' lang='grc' dir='ltr'><em>σφέας</em></span> <span class='ocrx_word' id='word_1_208' title='bbox 840 2986 875 3028; x_wconf 90' lang='grc' dir='ltr'><em>τε</em></span> <span class='ocrx_word' id='word_1_209' title='bbox 890 2961 1009 3039; x_wconf 85' lang='grc' dir='ltr'><em>αὐτοὺς</em></span> <span class='ocrx_word' id='word_1_210' title='bbox 1023 2961 1077 3028; x_wconf 82' lang='grc' dir='ltr'><em>καὶ</em></span> 
     </span>
     <span class='ocr_line' id='line_1_27' title="bbox 74 3066 1077 3156; baseline -0.001 -21"><span class='ocrx_word' id='word_1_211' title='bbox 74 3075 186 3155; x_wconf 85' lang='grc' dir='ltr'><em>Τήλου</em></span> <span class='ocrx_word' id='word_1_212' title='bbox 205 3071 264 3135; x_wconf 88' lang='grc' dir='ltr'><em>τὸν</em></span> <span class='ocrx_word' id='word_1_213' title='bbox 284 3067 416 3134; x_wconf 81' lang='grc' dir='ltr'><em>ἑωυτῶν</em></span> <span class='ocrx_word' id='word_1_214' title='bbox 436 3069 572 3153; x_wconf 89' lang='grc' dir='ltr'><em>βασιλέα</em></span> <span class='ocrx_word' id='word_1_215' title='bbox 590 3068 643 3136; x_wconf 82' lang='grc' dir='ltr'><em>ἐπὶ</em></span> <span class='ocrx_word' id='word_1_216' title='bbox 656 3071 818 3156; x_wconf 85' lang='grc' dir='ltr'><em>Κρότωνα</em></span> <span class='ocrx_word' id='word_1_217' title='bbox 836 3066 966 3152; x_wconf 85' lang='grc' dir='ltr'><em>μέλλειν</em></span> <span class='ocrx_word' id='word_1_218' title='bbox 981 3085 1077 3153; x_wconf 89' lang='grc' dir='ltr'><em>στρα-</em></span> 
     </span>
     <span class='ocr_line' id='line_1_28' title="bbox 70 3171 1078 3261; baseline 0.001 -22"><span class='ocrx_word' id='word_1_219' title='bbox 70 3178 237 3258; x_wconf 81' lang='grc' dir='ltr'><em>τεύεσθαι,</em></span> <span class='ocrx_word' id='word_1_220' title='bbox 261 3178 339 3251; x_wconf 89' lang='grc' dir='ltr'><em>τοὺς</em></span> <span class='ocrx_word' id='word_1_221' title='bbox 362 3171 399 3240; x_wconf 67' lang='grc' dir='ltr'><em>δέ</em></span> <span class='ocrx_word' id='word_1_222' title='bbox 421 3178 655 3260; x_wconf 86' lang='grc' dir='ltr'><em>Κροτωνιήτας</em></span> <span class='ocrx_word' id='word_1_223' title='bbox 681 3173 850 3261; x_wconf 76' lang='grc' dir='ltr'><em>περιδεέας</em></span> <span class='ocrx_word' id='word_1_224' title='bbox 877 3175 1078 3258; x_wconf 79' lang='grc' dir='ltr'><em>γενομένους</em></span> 
     </span>
     <span class='ocr_line' id='line_1_29' title="bbox 71 3279 1077 3366; baseline 0.002 -20"><span class='ocrx_word' id='word_1_225' title='bbox 71 3283 235 3366; x_wconf 73' lang='grc' dir='ltr'><em>δεηθῆναι</em></span> <span class='ocrx_word' id='word_1_226' title='bbox 249 3279 399 3364; x_wconf 89' lang='grc' dir='ltr'><em>Δωριέος</em></span> <span class='ocrx_word' id='word_1_227' title='bbox 412 3285 508 3364; x_wconf 91' lang='grc' dir='ltr'><em>σφίσι</em></span> <span class='ocrx_word' id='word_1_228' title='bbox 524 3291 706 3366; x_wconf 78' lang='grc' dir='ltr'><em>τιμωρῆσαι</em></span> <span class='ocrx_word' id='word_1_229' title='bbox 728 3279 783 3345; x_wconf 83' lang='grc' dir='ltr'><em>καὶ</em></span> <span class='ocrx_word' id='word_1_230' title='bbox 804 3292 916 3366; x_wconf 87' lang='grc' dir='ltr'><em>τυχεῖν</em></span> <span class='ocrx_word' id='word_1_231' title='bbox 940 3281 1077 3365; x_wconf 73' lang='grc' dir='ltr'><em>δεηθέν-</em></span> 
     </span>
     <span class='ocr_line' id='line_1_30' title="bbox 70 3385 1077 3472; baseline 0.001 -21"><span class='ocrx_word' id='word_1_232' title='bbox 70 3407 138 3465; x_wconf 85' lang='grc' dir='ltr'><em>τας·</em></span> <span class='ocrx_word' id='word_1_233' title='bbox 172 3388 461 3472; x_wconf 77' lang='grc' dir='ltr'><em>συστρατεύεσθαί</em></span> <span class='ocrx_word' id='word_1_234' title='bbox 485 3409 520 3452; x_wconf 85' lang='grc' dir='ltr'><em>τε</em></span> <span class='ocrx_word' id='word_1_235' title='bbox 550 3388 590 3470; x_wconf 85' lang='grc' dir='ltr'><em>δή</em></span> <span class='ocrx_word' id='word_1_236' title='bbox 615 3386 667 3452; x_wconf 79' lang='grc' dir='ltr'><em>ἐπὶ</em></span> <span class='ocrx_word' id='word_1_237' title='bbox 690 3387 843 3470; x_wconf 87' lang='grc' dir='ltr'><em>Σύβαριν</em></span> <span class='ocrx_word' id='word_1_238' title='bbox 867 3385 1000 3472; x_wconf 88' lang='grc' dir='ltr'><em>Δωριέα</em></span> <span class='ocrx_word' id='word_1_239' title='bbox 1022 3385 1077 3452; x_wconf 79' lang='grc' dir='ltr'><em>καὶ</em></span> 
     </span>
     <span class='ocr_line' id='line_1_31' title="bbox 70 3491 1078 3578; baseline -0.002 -20"><span class='ocrx_word' id='word_1_240' title='bbox 70 3499 225 3560; x_wconf 86' lang='grc' dir='ltr'><em>συνελεῖν</em></span> <span class='ocrx_word' id='word_1_241' title='bbox 239 3493 299 3575; x_wconf 87' lang='grc' dir='ltr'><em>τήν</em></span> <span class='ocrx_word' id='word_1_242' title='bbox 307 3493 469 3578; x_wconf 85' lang='grc' dir='ltr'><em>Σύβαριν.</em></span> <span class='ocrx_word' id='word_1_243' title='bbox 488 3501 590 3556; x_wconf 88' lang='grc' dir='ltr'><em>ταῦτα</em></span> <span class='ocrx_word' id='word_1_244' title='bbox 604 3491 665 3578; x_wconf 86' lang='grc' dir='ltr'><em>μέν</em></span> <span class='ocrx_word' id='word_1_245' title='bbox 675 3516 739 3558; x_wconf 93' lang='grc' dir='ltr'><em>νυν</em></span> <span class='ocrx_word' id='word_1_246' title='bbox 749 3495 934 3578; x_wconf 86' lang='grc' dir='ltr'><em>Συβαρῖται</em></span> <span class='ocrx_word' id='word_1_247' title='bbox 944 3491 1078 3573; x_wconf 80' lang='grc' dir='ltr'><em>λέγουσι</em></span> 
     </span>
    </p>
   </div>
   <div class='ocr_carea' id='block_1_4' title="bbox 0 0 1290 3980">
    <p class='ocr_par' dir='ltr' id='par_1_4' title="bbox 0 0 1290 3980">
     <span class='ocr_line' id='line_1_32' title="bbox 0 0 1290 3980; baseline 0 0"><span class='ocrx_word' id='word_1_248' title='bbox 0 0 1290 3980; x_wconf 95' lang='lat' dir='ltr'><em> </em></span> 
     </span>
    </p>
   </div>
  </div>
 </body>
</html>
