2572 3980
402 233 469 289 mn.
484 234 516 288 v.
554 233 631 290 οεΡ.
650 239 771 290 ιι-ιο.
1050 234 1094 301 23

90 380 167 462 ἔσχε
189 378 335 462 Μινώην
357 379 419 461 τήν
441 380 669 444 Σελινουσίων
692 377 847 462 ἀποικίην
863 377 918 444 καὶ
941 383 1095 446 σννελευ·

88 483 197 570 θέρου
215 487 456 561 Σελινουσίους
473 493 534 550 τοῦ
551 484 742 568 μουνάρχου
757 488 983 571 Πειθαγόρεω.
1016 487 1095 570 μετδι

90 588 138 672 δέ,
158 589 203 667 ώς
220 598 339 656 τοῦτον
358 595 494 672 κατεῖλε,
519 589 617 666 αὐτὸς
634 591 809 675 τυραννίδι
827 589 1013 674 ἐπεχείρησε
1032 595 1094 658 Σε-

89 700 265 772 λινοῦντος
286 693 341 760 καί
364 694 589 781 ἐμουνάρχησε
611 698 735 781 χρόνον
758 692 806 762 ἐπ’
829 695 958 778 ὀλίγον·
981 695 1017 761 οί
1031 697 1094 781 γάρ

88 825 148 882 μιν
162 801 374 866 Σελινούσιοι
394 801 634 878 ἐπαναστάντες
654 800 846 867 ἀπέκτειναν
864 805 1096 885 καταφυγόντα

88 904 142 973 ἐπὶ
165 907 250 983 Διὸς
278 906 438 991 ἀγοραίου
465 909 587 991 βωμόν.
625 906 804 972 συνέσπετο
833 902 870 972 δέ
892 905 1021 990 Δωριέϊ
1040 905 1095 972 καὶ
1113 923 1146 972 47

88 1010 303 1078 συναπέθανε
320 1015 482 1090 Φίλιππος
496 1013 514 1078 ὁ
526 1014 736 1079 Βουτακίδεω
750 1014 983 1098 Κροτωνιήτης
1000 1011 1094 1094 ἀνήρ,

93 1119 130 1196 ὃς
144 1118 374 1204 ἁρμοσάμενος
391 1122 518 1203 Τήλυος
531 1127 591 1184 τοῦ
601 1121 795 1202 Συβαρίτεω
809 1117 977 1204 θυγατέρα
989 1120 1095 1205 Ιἔφυγε

89 1224 125 1290 έκ
145 1227 339 1308 Κρότωνος,
361 1222 521 1302 ψευσθεὶς
540 1221 577 1288 δέ
595 1233 655 1288 τοῦ
676 1225 785 1308 γάμου
804 1229 911 1308 οίχετο
934 1220 1043 1288 πλέων
1062 1223 1095 1300 ἐς

89 1332 262 1414 Κυρήνην,
286 1329 322 1396 ἐκ
340 1330 461 1413 ταύτης
479 1325 516 1394 δέ
535 1329 724 1414 ὁρμώμενος
738 1327 918 1394 συνέσπετο
933 1329 1041 1414 οίκηίη
1060 1351 1094 1394 τε

89 1439 218 1520 τριήρεϊ
233 1433 289 1502 καὶ
308 1436 415 1519 οίκηίη
439 1434 573 1514 ἀνδρῶν
592 1434 732 1518 δαπάνη,
756 1433 821 1499 έών
837 1457 873 1500 τε
889 1430 1095 1518 Ὀλυμπιονί-

89 1565 149 1624 κης
170 1537 225 1606 καὶ
247 1541 419 1616 κάλλιστος
437 1535 605 1623 Ἑλλήνων
627 1550 694 1603 τῶν
717 1535 787 1604 κατ’
814 1538 947 1606 ἑωυτόν.
979 1541 1034 1606 διὰ
1057 1537 1094 1606 δὲ

90 1648 128 1712 τὸ
155 1645 282 1712 ἑωυτοῦ
304 1646 422 1722 κάλλος
443 1644 596 1727 ήνείκατο
614 1645 701 1728 παρὰ
716 1642 912 1728 Ἐγεσταίων
929 1647 969 1710 τὰ
987 1643 1096 1722 οὐδεὶς

89 1754 204 1830 ἄλλος·
233 1749 285 1818 ἐπὶ
307 1753 370 1837 γὰρ
393 1759 453 1816 τοῦ
475 1750 585 1835 τάφου
608 1750 711 1816 αὐτοῦ
733 1751 859 1834 ἡρώιον
882 1752 1096 1838 ίδρνσάμενοι

91 1861 233 1943 θυσίησι
255 1857 358 1924 αὐτὸν
388 1857 586 1922 ίλάσκονται.
622 1859 774 1942 Δωριεὺς
801 1855 862 1941 μέν
890 1882 955 1922 νυν
981 1860 1091 1946 τρόπω
1111 1875 1145 1924 48

88 1965 231 2048 τοιούτῳ
252 1962 455 2045 ἐτελεύτησε·
481 1964 512 2028 εί
529 1958 566 2027 δὲ
583 1960 738 2046 ἠνέσχετο
758 1965 1012 2045 βασιλευόμενος
1030 1963 1094 2028 ὑπὸ

91 2067 297 2151 Κλεομένεος
325 2065 380 2134 καὶ
407 2067 560 2151 κατέμενε
589 2066 625 2133 έν
648 2067 803 2152 Σπάρτη,
835 2066 1025 2149 ἐβασίλευσε
1052 2067 1094 2134 ἀν

90 2173 354 2256 Λακεδαίμονος·
377 2171 418 2236 ού
431 2172 495 2257 γάρ
510 2195 585 2236 τινα
599 2171 723 2236 πολλὸν
737 2173 860 2256 χρόνον
873 2167 949 2255 ήρξε
963 2171 1093 2238 δΚλεο-

89 2277 206 2362 μένης,
236 2274 308 2342 ἀλλ’
334 2274 481 2342 ἀπέθανε
504 2277 610 2360 ἄπαις,
634 2275 803 2360 θυγατέρα
826 2277 955 2361 μούνην
978 2280 1093 2355 λιπών,

87 2393 127 2468 τῇ
151 2384 280 2467 ούνομα
302 2377 345 2466 ἦν
368 2383 494 2467 Γοργώ.

173 2486 373 2554 Ἀπικνέιται
388 2486 419 2554 δ’
438 2484 486 2554 ών
503 2486 764 2574 δἈρισταγόρης
778 2489 960 2574 ὁΜιλήτου
975 2492 1092 2577 τύραν-
1111 2507 1145 2558 49

87 2618 149 2672 νος
176 2594 209 2671 ἐς
235 2595 297 2678 τήν
320 2595 480 2678 Σπάρτην
503 2595 707 2678 Κλεομένεος
735 2599 868 2680 ἔχοντος
889 2598 950 2680 τήν
973 2596 1092 2682 ἀρχήν·

87 2708 133 2788 τῷ
158 2701 199 2784 δή
223 2698 256 2776 ές
279 2701 399 2783 λόγους
416 2702 478 2784 ήιε,
502 2700 546 2776 ώς
564 2702 821 2785 Λακεδαιμόνιοι
840 2701 984 2785 λέγουσι,
1008 2706 1093 2786 έχων

86 2807 230 2890 χάλκεον
248 2808 371 2871 πίνακα
389 2806 427 2872 έν
445 2814 489 2892 τῷ
508 2815 568 2889 γῆς
586 2806 713 2888 ἁπάσης
730 2808 884 2889 περίοδος
903 2804 1092 2889 ἐνετέτμητο

86 2909 143 2978 καί
161 2911 316 2976 θάλασσά
329 2934 364 2976 τε
377 2919 465 2976 πᾶσα
478 2908 533 2976 καὶ
547 2909 686 2994 ποταμοὶ
704 2912 831 2988 πάντες.
860 2911 1093 2995 ἀπικνεόμενος

88 3015 125 3084 δέ
148 3017 182 3094 ές
204 3019 324 3100 λόγους
353 3014 623 3102 δἈρισταγόρης
649 3019 739 3098 ἔλεγε
765 3017 847 3100 πρὸς
874 3015 975 3081 αὐτὸν
1002 3017 1092 3082 τάδε·

89 3126 288 3207 Κλεόμενες,
317 3125 469 3208 σπουδήν
495 3120 556 3207 μέν
582 3123 642 3205 τήν
670 3121 752 3206 έμήν
779 3123 823 3206 μή
851 3123 1009 3208 θωμάσης
1035 3132 1093 3207 τής

87 3229 236 3296 ἐνθαῦτα
259 3227 398 3308 ἀπίξιος·
421 3229 461 3294 τά
483 3229 545 3311 γάρ
569 3228 751 3310 κατήκοντά
771 3228 838 3294 ἐστι
856 3237 1004 3294 τοιαῦτα·
1024 3225 1092 3294 Ἰώ·

86 3359 157 3402 νων
181 3336 301 3412 παῖδας
324 3335 466 3410 δούλους
489 3329 573 3400 εἶναι
592 3327 663 3398 ἀντ’
684 3333 870 3418 ἐλευθέρων
889 3335 1020 3412 ὄνειδος
1037 3334 1090 3400 καλ

86 3443 190 3526 ἄλγος
212 3439 368 3525 μέγιστον
391 3437 452 3526 μέν
474 3440 603 3506 αὐτοῖσι
624 3437 719 3522 ἡμῖν,
747 3441 793 3504 ἔτι
818 3437 855 3504 δέ
877 3450 944 3504 τῶν
967 3445 1092 3506 λοιπῶν
