2632 3970
217 277 282 344 346
627 274 812 330 Ηεειοοοω

217 421 387 503 σιγώντων
419 416 457 486 δὲ
485 429 552 485 τών
579 417 775 501 ἐπικλήτων,
806 429 873 483 τών
899 415 960 503 μέν
988 418 1049 484 ούκ
1074 419 1216 485 εἰδότων

216 527 295 601 τοὺς
325 524 506 610 χρησμούς,
538 533 605 590 τῶν
636 519 673 588 δὲ
704 524 842 588 εἰδότων
873 522 950 608 μέν,
984 523 1021 589 έν
1052 523 1147 609 άδείη
1179 521 1217 590 δὲ

217 629 258 695 ού
289 627 496 713 ποιευμένων
526 630 563 693 τὸ
595 626 721 722 λέγειν,
756 628 855 706 αὐτὸς
885 631 1080 714 Μαρδόνιος
1111 632 1216 713 ἔλεγε·

214 732 303 800 ’Πιιεί
329 738 445 801 τοίνυν
477 734 568 818 ὑμεῖς
599 733 619 818 ή
647 740 715 799 ίστε
743 730 842 800 οὐδὲν
872 733 893 819 ἢ
921 735 963 800 ού
993 740 1133 818 τολμᾶτε
1165 733 1216 800 λέ-

216 864 300 924 γειν,
329 836 399 905 ἀλλ’
426 839 489 922 ἐγὼ
513 839 594 923 ἐρέω
617 839 661 915 ώς
684 834 721 904 εὖ
744 839 964 924 ἐπιστάμενος.
1010 843 1079 906 ἔστι
1100 843 1216 924 λόγιον
1303 925 1304 932 χ

216 947 261 1023 ώς
291 948 390 1032 χρεόν
422 945 490 1011 ἐστι
518 944 649 1029 Πέρσας
680 945 897 1029 ἀπικομένους
927 945 961 1022 ἐς
991 943 1217 1029 τὴνἙλλάδα

218 1052 397 1137 διαρπάσαι
419 1051 456 1115 τὸ
481 1052 554 1137 ίρὸν
571 1051 608 1115 τὸ
627 1049 664 1116 έν
682 1055 856 1134 Δελφοῖσι,
879 1051 959 1134 μετὰ
982 1047 1019 1116 δδ
1040 1052 1101 1135 τήν
1124 1053 1216 1136 διαρ·

216 1158 326 1240 πυγήν
357 1155 539 1222 ἀπολέσθαι
570 1157 702 1233 πάντας.
745 1155 837 1239 ήμείς
863 1159 979 1221 τοίνυν
1006 1157 1087 1222 αὐτὸ
1117 1166 1215 1223 τοῦτο

216 1263 424 1347 ἐπιστάμενοι
452 1261 528 1327 οὔτε
551 1267 623 1347 ίμεν
647 1259 699 1326 ἐπὶ
720 1263 758 1327 τὸ
782 1263 855 1347 ίρὸν
876 1270 974 1328 τοῦτο
998 1263 1075 1327 οὔτε
1097 1262 1216 1347 ἐπιχει-

216 1371 361 1454 ρήσομεν
384 1369 588 1454 διαρπάζειν,
615 1369 735 1451 ταύτης
758 1390 793 1432 τε
816 1367 924 1432 εἵνεκα
945 1376 1003 1452 τής
1025 1369 1130 1451 αἰτίης
1154 1368 1217 1433 οὐκ

216 1473 431 1558 ἀπολεόμεθα.
459 1475 541 1539 ώστε
554 1471 665 1557 ὑμέων
679 1474 753 1539 ὅσοι
766 1473 967 1558 τυγχάνουσι
980 1474 1093 1539 εὔνοοι
1106 1473 1217 1550 ἐόντες

214 1577 376 1665 Πέρσησι,
398 1581 522 1663 ήδεσθε
539 1580 636 1646 τοῦδε
655 1580 764 1644 εἵνεκα
783 1578 827 1655 ώς
843 1578 1098 1663 περιεσομένους
1114 1578 1217 1664 ἡμέας

211 1681 387 1768 Ἑλλήνων.
415 1686 517 1750 ταῦτά
531 1702 592 1769 σφι
611 1691 703 1761 είπας
721 1685 858 1770 δεύτερα
872 1684 1026 1768 ἐσήμαινε
1040 1683 1215 1771 παραρτέε-

215 1795 300 1856 σθαί
317 1815 353 1856 τε
379 1791 485 1856 πάντα
507 1789 562 1855 καὶ
586 1789 737 1875 εὐκρινέα
759 1789 931 1856 ποιέεσθαι
954 1791 999 1868 ὡς
1020 1791 1087 1875 ἅμα
1109 1790 1215 1876 ήμέρη

161 1919 196 1968 4³
214 1906 253 1982 τή
276 1896 413 1982 ἐπιούσῃ
437 1899 604 1981 συμβολῆς
626 1895 791 1980 ἐσομένης.
830 1905 951 1962 τοῦτον
974 1893 1004 1961 δ’
1027 1899 1129 1980 ἔγωγε
1153 1897 1215 1962 τὸν
1299 1929 1304 1980 7

214 2005 373 2090 χρησμόν,
391 2004 450 2068 τὸν
464 2003 659 2086 Μαρδόνιος
677 1997 746 2067 εἰπε
760 2001 794 2078 ές
807 2001 939 2087 Πέρσας
952 2004 1050 2088 ἐχειν,
1069 2002 1103 2080 ἐς
1113 1999 1216 2067 Ἰλλυ-
1302 1989 1303 2002 ’

215 2111 308 2194 ριούς
329 2132 364 2175 τε
386 2107 441 2175 καὶ
459 2111 518 2175 τὸν
533 2106 710 2193 Ἐγχελέων
728 2109 869 2193 στρατὸν
888 2104 964 2173 οἰδα
981 2108 1215 2194 πεποιημένον,

214 2210 288 2279 ἀλλ’
318 2215 378 2280 οὐκ
401 2215 434 2292 ές
457 2214 596 2298 Πέρσας.
642 2214 724 2280 ἀλλὰ
746 2215 786 2278 τὰ
808 2209 869 2298 μέν
892 2215 1011 2279 Βάκιδι
1034 2214 1068 2290 ἐς
1089 2215 1214 2297 ταύτην

213 2319 275 2400 τήν
297 2319 404 2402 μάχην
428 2320 522 2402 [ἐστὶ]
546 2318 763 2404 πεποιημένα,

284 2425 360 2507 Τήν·
375 2419 406 2488 δ’
433 2424 486 2490 ἐπὶ
509 2427 720 2510 Θερμώδοντι
742 2423 797 2490 καὶ
816 2423 951 2512 Ἀσωπῷ
974 2428 1127 2510 λεχεποίη

275 2525 443 2613 Ἑλλήνων
466 2531 612 2595 σύνοδον
634 2529 689 2595 καί
712 2533 977 2617 βαρβαρόφωνον
1000 2533 1112 2614 ἰυγήν,

283 2640 330 2721 Τή
352 2633 469 2701 πολλοὶ
491 2633 662 2701 πεσέονται
685 2632 767 2722 ὑπὲρ
790 2637 934 2721 Λάχεσίν
951 2659 986 2702 τε
1008 2639 1114 2722 μόρου
1134 2659 1172 2700 τε

284 2740 483 2827 Τοξοφόρων
506 2743 652 2824 Μήδων,
675 2741 755 2806 ὅταν
778 2747 911 2826 αἰσιμον
933 2737 1020 2827 ήμαρ
1043 2740 1184 2828 έπέλθη,
1300 2709 1301 2773 δ

213 2857 315 2916 ταῦτα
347 2844 408 2932 μὲν
438 2845 493 2912 καὶ
524 2849 733 2931 παραπλήσια
764 2847 910 2912 τούτοισι
939 2849 1021 2913 άλλα
1049 2851 1216 2935 Μουσαίῳ
1299 2929 1300 2934 ¹

215 2958 331 3041 ἔχοντα
355 2948 430 3019 οἶδα
453 2952 486 3030 ἐς
504 2952 644 3038 Πέρσας.
677 2950 755 3018 ὁδὲ
775 2955 962 3039 Θερμώδων
983 2955 1130 3038 ποταμὸς
1148 2954 1217 3041 ῥέει
1299 2977 1300 3045 ρ

161 3079 196 3127 44
215 3061 334 3146 μεταξὺ
356 3059 527 3144 Τανάγρης
544 3081 579 3124 τε
601 3057 656 3124 ιιαί
674 3061 861 3135 Γλίσαντος.
898 3061 977 3142 μετὰ
996 3055 1033 3124 δέ
1050 3061 1112 3144 τήν
1131 3060 1217 3126 ἐπει-

215 3169 358 3251 ρώτησιν
380 3177 447 3230 τῶν
469 3175 625 3250 χρησμῶν
647 3161 702 3228 καὶ
724 3167 918 3249 παραίνεσιν
940 3165 1002 3246 τήν
1022 3163 1058 3229 έιι
1076 3167 1216 3252 Μαρδυ-

215 3275 291 3336 υίου
313 3269 374 3349 νύξ
392 3293 426 3335 τε
449 3268 574 3353 ἐγίνετο
598 3268 652 3334 καί
675 3269 708 3346 ἐς
726 3272 874 3354 φυλακάς
892 3269 1077 3336 ἐτάσσοντο.
1114 3271 1159 3348 ώς
1178 3269 1216 3337 δέ
1297 3359 1298 3364 ¹

214 3378 327 3460 πρόσω
349 3386 407 3460 τῆς
428 3378 546 3453 νυκτὸς
568 3378 770 3462 προελήλατο
788 3375 843 3441 καὶ
861 3376 979 3461 ήσυχίη
998 3376 1110 3443 ἐδόκεε
1128 3373 1217 3443 εἶναι
1297 3367 1298 3392 ¹

216 3481 279 3546 άνά
300 3483 340 3545 τά
363 3483 564 3566 στρατόπεδα
586 3479 641 3547 καί
663 3481 801 3565 μάλιστα
824 3481 860 3546 οἰ
879 3483 1052 3568 άνθρωποι
1073 3478 1160 3549 εἶναι
1179 3484 1217 3551 έν
