<?xml version="1.0" encoding="UTF-8"?>
<!DOCTYPE html PUBLIC "-//W3C//DTD XHTML 1.0 Transitional//EN"
    "http://www.w3.org/TR/xhtml1/DTD/xhtml1-transitional.dtd">
<html xmlns="http://www.w3.org/1999/xhtml" xml:lang="en" lang="en">
 <head>
  <title>
</title>
<meta http-equiv="Content-Type" content="text/html;charset=utf-8" />
  <meta name='ocr-system' content='tesseract 3.04.00' />
  <meta name='ocr-capabilities' content='ocr_page ocr_carea ocr_par ocr_line ocrx_word'/>
</head>
<body>
  <div class='ocr_page' id='page_1' title='image "./herodotihistori07herogoog_0199.png"; bbox 0 0 2678 3970; ppageno 0'>
   <div class='ocr_carea' id='block_1_1' title="bbox 162 239 755 304">
    <p class='ocr_par' dir='ltr' id='par_1_1' title="bbox 162 239 755 304">
     <span class='ocr_line' id='line_1_1' title="bbox 162 239 755 304; baseline -0.002 -9"><span class='ocrx_word' id='word_1_1' title='bbox 162 240 226 304; x_wconf 83' lang='grc'><strong><em>142</em></strong></span> <span class='ocrx_word' id='word_1_2' title='bbox 568 239 755 294; x_wconf 81' lang='lat' dir='ltr'>HERODOTI</span> 
     </span>
    </p>
   </div>
   <div class='ocr_carea' id='block_1_2' title="bbox 161 375 1158 469">
    <p class='ocr_par' dir='ltr' id='par_1_2' title="bbox 161 375 1158 469">
     <span class='ocr_line' id='line_1_2' title="bbox 161 375 1158 469; baseline -0.002 -21"><span class='ocrx_word' id='word_1_3' title='bbox 161 385 273 448; x_wconf 90' lang='grc' dir='ltr'><strong><em>δεινὸν</em></strong></span> <span class='ocrx_word' id='word_1_4' title='bbox 296 382 337 448; x_wconf 87' lang='grc' dir='ltr'><strong><em>ἀν</em></strong></span> <span class='ocrx_word' id='word_1_5' title='bbox 360 389 410 467; x_wconf 85' lang='grc' dir='ltr'><strong><em>είη</em></strong></span> <span class='ocrx_word' id='word_1_6' title='bbox 433 391 580 469; x_wconf 78' lang='grc' dir='ltr'><strong><em>πρῆγμα,</em></strong></span> <span class='ocrx_word' id='word_1_7' title='bbox 610 385 641 448; x_wconf 88' lang='grc' dir='ltr'><strong><em>εί</em></strong></span> <span class='ocrx_word' id='word_1_8' title='bbox 662 383 773 460; x_wconf 86' lang='grc' dir='ltr'><strong><em>Σάκας</em></strong></span> <span class='ocrx_word' id='word_1_9' title='bbox 796 378 856 468; x_wconf 77' lang='grc' dir='ltr'><strong><em>μέν</em></strong></span> <span class='ocrx_word' id='word_1_10' title='bbox 878 380 932 447; x_wconf 80' lang='grc' dir='ltr'><strong><em>καὶ</em></strong></span> <span class='ocrx_word' id='word_1_11' title='bbox 955 375 1083 458; x_wconf 86' lang='grc' dir='ltr'><strong><em>Ἰνδοδς</em></strong></span> <span class='ocrx_word' id='word_1_12' title='bbox 1103 379 1158 446; x_wconf 80' lang='grc' dir='ltr'><strong><em>καί</em></strong></span> 
     </span>
    </p>
   </div>
   <div class='ocr_carea' id='block_1_3' title="bbox 124 485 1163 2683">
    <p class='ocr_par' dir='ltr' id='par_1_3' title="bbox 124 485 1163 2683">
     <span class='ocr_line' id='line_1_3' title="bbox 160 485 1159 574; baseline -0.001 -21"><span class='ocrx_word' id='word_1_13' title='bbox 160 490 327 565; x_wconf 83' lang='grc' dir='ltr'><strong><em>Αόθίοπάς</em></strong></span> <span class='ocrx_word' id='word_1_14' title='bbox 348 511 383 554; x_wconf 90' lang='grc' dir='ltr'><strong><em>τε</em></strong></span> <span class='ocrx_word' id='word_1_15' title='bbox 405 486 460 554; x_wconf 80' lang='grc' dir='ltr'><strong><em>καί</em></strong></span> <span class='ocrx_word' id='word_1_16' title='bbox 478 485 673 574; x_wconf 75' lang='grc' dir='ltr'><strong><em>Ἀσσυρίους</em></strong></span> <span class='ocrx_word' id='word_1_17' title='bbox 695 491 777 555; x_wconf 88' lang='grc' dir='ltr'><strong><em>ἀλλα</em></strong></span> <span class='ocrx_word' id='word_1_18' title='bbox 800 512 834 553; x_wconf 88' lang='grc' dir='ltr'><strong><em>τε</em></strong></span> <span class='ocrx_word' id='word_1_19' title='bbox 858 491 959 554; x_wconf 81' lang='grc' dir='ltr'><strong><em>ἔθνεα</em></strong></span> <span class='ocrx_word' id='word_1_20' title='bbox 980 488 1086 554; x_wconf 84' lang='grc' dir='ltr'><strong><em>πολλά</em></strong></span> <span class='ocrx_word' id='word_1_21' title='bbox 1103 486 1159 552; x_wconf 82' lang='grc' dir='ltr'><strong><em>καλ</em></strong></span> 
     </span>
     <span class='ocr_line' id='line_1_4' title="bbox 161 593 1159 680; baseline 0 -22"><span class='ocrx_word' id='word_1_22' title='bbox 161 593 283 678; x_wconf 88' lang='grc' dir='ltr'><strong><em>μεγάλα</em></strong></span> <span class='ocrx_word' id='word_1_23' title='bbox 301 593 501 678; x_wconf 81' lang='grc' dir='ltr'><strong><em>ἀδικήσαντα</em></strong></span> <span class='ocrx_word' id='word_1_24' title='bbox 516 593 649 680; x_wconf 80' lang='grc' dir='ltr'><strong><em>Πέρσας</em></strong></span> <span class='ocrx_word' id='word_1_25' title='bbox 667 593 778 677; x_wconf 86' lang='grc' dir='ltr'><strong><em>οὐδέν,</em></strong></span> <span class='ocrx_word' id='word_1_26' title='bbox 798 594 879 659; x_wconf 91' lang='grc' dir='ltr'><strong><em>ἀλλδι</em></strong></span> <span class='ocrx_word' id='word_1_27' title='bbox 892 594 1040 679; x_wconf 92' lang='grc' dir='ltr'><strong><em>δύναμιν</em></strong></span> <span class='ocrx_word' id='word_1_28' title='bbox 1058 610 1159 679; x_wconf 90' lang='grc' dir='ltr'><strong><em>προσ-</em></strong></span> 
     </span>
     <span class='ocr_line' id='line_1_5' title="bbox 160 700 1158 784; baseline 0.003 -22"><span class='ocrx_word' id='word_1_29' title='bbox 160 703 301 764; x_wconf 86' lang='grc' dir='ltr'><strong><em>κτᾶσθαι</em></strong></span> <span class='ocrx_word' id='word_1_30' title='bbox 319 702 527 784; x_wconf 82' lang='grc' dir='ltr'><strong><em>βουλόμενοι,</em></strong></span> <span class='ocrx_word' id='word_1_31' title='bbox 550 700 852 784; x_wconf 74' lang='grc' dir='ltr'><strong><em>καταστρεψάμενοι</em></strong></span> <span class='ocrx_word' id='word_1_32' title='bbox 871 700 1013 777; x_wconf 76' lang='grc' dir='ltr'><em>δούλους</em></span> <span class='ocrx_word' id='word_1_33' title='bbox 1031 702 1158 784; x_wconf 85' lang='grc' dir='ltr'><strong><em>ἔχομεν,</em></strong></span> 
     </span>
     <span class='ocr_line' id='line_1_6' title="bbox 162 801 1158 891; baseline 0.001 -22"><span class='ocrx_word' id='word_1_34' title='bbox 162 801 323 889; x_wconf 83' lang='grc' dir='ltr'><strong><em>Ἕλληνας</em></strong></span> <span class='ocrx_word' id='word_1_35' title='bbox 354 801 391 871; x_wconf 75' lang='grc' dir='ltr'><strong><em>δὲ</em></strong></span> <span class='ocrx_word' id='word_1_36' title='bbox 424 803 627 888; x_wconf 80' lang='grc' dir='ltr'><strong><em>ὑπάρξαντας</em></strong></span> <span class='ocrx_word' id='word_1_37' title='bbox 661 805 789 889; x_wconf 87' lang='grc' dir='ltr'><strong><em>ἀδικίης</em></strong></span> <span class='ocrx_word' id='word_1_38' title='bbox 822 805 863 870; x_wconf 89' lang='grc' dir='ltr'><strong><em>οὐ</em></strong></span> <span class='ocrx_word' id='word_1_39' title='bbox 894 807 1158 891; x_wconf 88' lang='grc' dir='ltr'><strong><em>τιμωρησόμεθα.</em></strong></span> 
     </span>
     <span class='ocr_line' id='line_1_7' title="bbox 160 909 1160 997; baseline 0.003 -23"><span class='ocrx_word' id='word_1_40' title='bbox 160 912 195 974; x_wconf 87' lang='grc' dir='ltr'><strong><em>τί</em></strong></span> <span class='ocrx_word' id='word_1_41' title='bbox 227 911 405 990; x_wconf 84' lang='grc' dir='ltr'><strong><em>δείσαντες;</em></strong></span> <span class='ocrx_word' id='word_1_42' title='bbox 447 914 543 996; x_wconf 81' lang='grc' dir='ltr'><strong><em>κοίην</em></strong></span> <span class='ocrx_word' id='word_1_43' title='bbox 573 913 718 996; x_wconf 78' lang='grc' dir='ltr'><strong><em>πλήθεος</em></strong></span> <span class='ocrx_word' id='word_1_44' title='bbox 747 913 953 997; x_wconf 74' lang='grc' dir='ltr'><strong><em>συστροφηνς</em></strong></span> <span class='ocrx_word' id='word_1_45' title='bbox 994 914 1090 994; x_wconf 92' lang='grc' dir='ltr'><strong><em>κοίην</em></strong></span> <span class='ocrx_word' id='word_1_46' title='bbox 1122 909 1160 977; x_wconf 73' lang='grc' dir='ltr'><strong><em>δὲ</em></strong></span> 
     </span>
     <span class='ocr_line' id='line_1_8' title="bbox 124 1013 1159 1102; baseline 0.007 -28"><span class='ocrx_word' id='word_1_47' title='bbox 124 1038 146 1074; x_wconf 83' lang='grc' dir='ltr'><strong><em>α</em></strong></span> <span class='ocrx_word' id='word_1_48' title='bbox 163 1014 337 1100; x_wconf 90' lang='grc' dir='ltr'><strong><em>χρημάτων</em></strong></span> <span class='ocrx_word' id='word_1_49' title='bbox 360 1017 516 1101; x_wconf 84' lang='grc' dir='ltr'><strong><em>δύναμιν;</em></strong></span> <span class='ocrx_word' id='word_1_50' title='bbox 560 1026 628 1080; x_wconf 79' lang='grc' dir='ltr'><strong><em>τῶν</em></strong></span> <span class='ocrx_word' id='word_1_51' title='bbox 650 1016 852 1100; x_wconf 76' lang='grc' dir='ltr'><strong><em>ἐπιστάμεθα</em></strong></span> <span class='ocrx_word' id='word_1_52' title='bbox 875 1013 936 1101; x_wconf 76' lang='grc' dir='ltr'><strong><em>μέν</em></strong></span> <span class='ocrx_word' id='word_1_53' title='bbox 957 1019 1019 1102; x_wconf 82' lang='grc' dir='ltr'><strong><em>τὴν</em></strong></span> <span class='ocrx_word' id='word_1_54' title='bbox 1041 1017 1159 1102; x_wconf 81' lang='grc' dir='ltr'><strong><em>μάχην,</em></strong></span> 
     </span>
     <span class='ocr_line' id='line_1_9' title="bbox 162 1120 1160 1209; baseline 0.003 -23"><span class='ocrx_word' id='word_1_55' title='bbox 162 1121 364 1206; x_wconf 73' lang='grc' dir='ltr'><strong><em>ἐπιστάμεθα</em></strong></span> <span class='ocrx_word' id='word_1_56' title='bbox 393 1120 430 1188; x_wconf 78' lang='grc' dir='ltr'><strong><em>δέ</em></strong></span> <span class='ocrx_word' id='word_1_57' title='bbox 455 1124 517 1206; x_wconf 78' lang='grc' dir='ltr'><strong><em>τὴν</em></strong></span> <span class='ocrx_word' id='word_1_58' title='bbox 541 1121 683 1206; x_wconf 91' lang='grc' dir='ltr'><strong><em>δύναμιν</em></strong></span> <span class='ocrx_word' id='word_1_59' title='bbox 706 1121 828 1186; x_wconf 84' lang='grc' dir='ltr'><strong><em>ἐοῦσαν</em></strong></span> <span class='ocrx_word' id='word_1_60' title='bbox 850 1122 1007 1188; x_wconf 89' lang='grc' dir='ltr'><strong><em>ἀσθενέα·</em></strong></span> <span class='ocrx_word' id='word_1_61' title='bbox 1043 1125 1160 1209; x_wconf 82' lang='grc' dir='ltr'><strong><em>ἔχομεν</em></strong></span> 
     </span>
     <span class='ocr_line' id='line_1_10' title="bbox 163 1223 1160 1314; baseline 0.002 -22"><span class='ocrx_word' id='word_1_62' title='bbox 163 1223 199 1292; x_wconf 72' lang='grc' dir='ltr'><strong><em>δὲ</em></strong></span> <span class='ocrx_word' id='word_1_63' title='bbox 223 1227 332 1292; x_wconf 80' lang='grc' dir='ltr'><strong><em>αὐτῶν</em></strong></span> <span class='ocrx_word' id='word_1_64' title='bbox 358 1228 477 1304; x_wconf 71' lang='grc' dir='ltr'><strong><em>παῖδας</em></strong></span> <span class='ocrx_word' id='word_1_65' title='bbox 503 1226 820 1311; x_wconf 81' lang='grc' dir='ltr'><strong><em>καταστρεψάμενοι,</em></strong></span> <span class='ocrx_word' id='word_1_66' title='bbox 846 1227 985 1303; x_wconf 80' lang='grc' dir='ltr'><strong><em>τούτους</em></strong></span> <span class='ocrx_word' id='word_1_67' title='bbox 1007 1231 1043 1293; x_wconf 80' lang='grc' dir='ltr'><strong><em>ολ</em></strong></span> <span class='ocrx_word' id='word_1_68' title='bbox 1062 1229 1098 1294; x_wconf 83' lang='grc' dir='ltr'><strong><em>ἐν</em></strong></span> <span class='ocrx_word' id='word_1_69' title='bbox 1120 1239 1160 1314; x_wconf 73' lang='grc' dir='ltr'><strong><em>τῇ</em></strong></span> 
     </span>
     <span class='ocr_line' id='line_1_11' title="bbox 161 1330 1160 1418; baseline 0.004 -22"><span class='ocrx_word' id='word_1_70' title='bbox 161 1330 302 1418; x_wconf 78' lang='grc' dir='ltr'><strong><em>ἡμετέρῃ·</em></strong></span> <span class='ocrx_word' id='word_1_71' title='bbox 323 1331 551 1416; x_wconf 80' lang='grc' dir='ltr'><strong><em>κατοικημένοι</em></strong></span> <span class='ocrx_word' id='word_1_72' title='bbox 571 1331 685 1408; x_wconf 82' lang='grc' dir='ltr'><strong><em>Ἴωνές</em></strong></span> <span class='ocrx_word' id='word_1_73' title='bbox 706 1355 741 1398; x_wconf 90' lang='grc' dir='ltr'><strong><em>τε</em></strong></span> <span class='ocrx_word' id='word_1_74' title='bbox 768 1330 823 1398; x_wconf 82' lang='grc' dir='ltr'><strong><em>καὶ</em></strong></span> <span class='ocrx_word' id='word_1_75' title='bbox 850 1331 986 1410; x_wconf 77' lang='grc' dir='ltr'><strong><em>Αἰολέες</em></strong></span> <span class='ocrx_word' id='word_1_76' title='bbox 1007 1332 1062 1399; x_wconf 82' lang='grc' dir='ltr'><strong><em>καί</em></strong></span> <span class='ocrx_word' id='word_1_77' title='bbox 1084 1341 1160 1400; x_wconf 81' lang='grc' dir='ltr'><strong><em>Δω·</em></strong></span> 
     </span>
     <span class='ocr_line' id='line_1_12' title="bbox 163 1435 1161 1524; baseline 0.005 -22"><span class='ocrx_word' id='word_1_78' title='bbox 163 1437 246 1524; x_wconf 89' lang='grc' dir='ltr'><strong><em>ριέες</em></strong></span> <span class='ocrx_word' id='word_1_79' title='bbox 268 1435 449 1503; x_wconf 78' lang='grc' dir='ltr'><strong><em>καλέονται.</em></strong></span> <span class='ocrx_word' id='word_1_80' title='bbox 487 1437 668 1523; x_wconf 79' lang='grc' dir='ltr'><strong><em>ἐπειρήθην</em></strong></span> <span class='ocrx_word' id='word_1_81' title='bbox 691 1435 728 1503; x_wconf 77' lang='grc' dir='ltr'><strong><em>δέ</em></strong></span> <span class='ocrx_word' id='word_1_82' title='bbox 749 1436 805 1503; x_wconf 81' lang='grc' dir='ltr'><strong><em>καὶ</em></strong></span> <span class='ocrx_word' id='word_1_83' title='bbox 827 1438 925 1516; x_wconf 85' lang='grc' dir='ltr'><strong><em>αὐτὸς</em></strong></span> <span class='ocrx_word' id='word_1_84' title='bbox 944 1441 1007 1523; x_wconf 75' lang='grc' dir='ltr'><strong><em>ἥδη</em></strong></span> <span class='ocrx_word' id='word_1_85' title='bbox 1027 1439 1161 1506; x_wconf 86' lang='grc' dir='ltr'><strong><em>ἐπελαύ-</em></strong></span> 
     </span>
     <span class='ocr_line' id='line_1_13' title="bbox 162 1541 1160 1629; baseline 0.003 -20"><span class='ocrx_word' id='word_1_86' title='bbox 162 1567 231 1609; x_wconf 86' lang='grc' dir='ltr'><strong><em>νων</em></strong></span> <span class='ocrx_word' id='word_1_87' title='bbox 263 1541 316 1608; x_wconf 83' lang='grc' dir='ltr'><strong><em>ἐπλ</em></strong></span> <span class='ocrx_word' id='word_1_88' title='bbox 345 1545 423 1620; x_wconf 84' lang='grc' dir='ltr'><strong><em>τοὺς</em></strong></span> <span class='ocrx_word' id='word_1_89' title='bbox 454 1544 578 1629; x_wconf 87' lang='grc' dir='ltr'><strong><em>ἀνδρας</em></strong></span> <span class='ocrx_word' id='word_1_90' title='bbox 607 1544 746 1620; x_wconf 86' lang='grc' dir='ltr'><strong><em>τούτους</em></strong></span> <span class='ocrx_word' id='word_1_91' title='bbox 772 1544 836 1610; x_wconf 81' lang='grc' dir='ltr'><strong><em>ὑπὸ</em></strong></span> <span class='ocrx_word' id='word_1_92' title='bbox 863 1547 985 1628; x_wconf 89' lang='grc' dir='ltr'><strong><em>πατρὸς</em></strong></span> <span class='ocrx_word' id='word_1_93' title='bbox 1010 1555 1071 1612; x_wconf 88' lang='grc' dir='ltr'><strong><em>τοῦ</em></strong></span> <span class='ocrx_word' id='word_1_94' title='bbox 1097 1557 1160 1612; x_wconf 88' lang='grc' dir='ltr'><strong><em>σοῦ</em></strong></span> 
     </span>
     <span class='ocr_line' id='line_1_14' title="bbox 162 1649 1160 1735; baseline 0.001 -20"><span class='ocrx_word' id='word_1_95' title='bbox 162 1652 365 1732; x_wconf 86' lang='grc' dir='ltr'><strong><em>κελευσθείς,</em></strong></span> <span class='ocrx_word' id='word_1_96' title='bbox 395 1651 453 1714; x_wconf 92' lang='grc' dir='ltr'><strong><em>καί</em></strong></span> <span class='ocrx_word' id='word_1_97' title='bbox 481 1672 537 1734; x_wconf 94' lang='grc' dir='ltr'><strong><em>μοι</em></strong></span> <span class='ocrx_word' id='word_1_98' title='bbox 568 1649 661 1735; x_wconf 93' lang='grc' dir='ltr'><strong><em>μέχρι</em></strong></span> <span class='ocrx_word' id='word_1_99' title='bbox 683 1649 895 1732; x_wconf 73' lang='grc' dir='ltr'><strong><em>Μακεδονίης</em></strong></span> <span class='ocrx_word' id='word_1_100' title='bbox 922 1649 1075 1717; x_wconf 77' lang='grc' dir='ltr'><strong><em>ἐλάσαντι</em></strong></span> <span class='ocrx_word' id='word_1_101' title='bbox 1105 1651 1160 1718; x_wconf 81' lang='grc' dir='ltr'><strong><em>καὶ</em></strong></span> 
     </span>
     <span class='ocr_line' id='line_1_15' title="bbox 163 1751 1161 1838; baseline 0.002 -18"><span class='ocrx_word' id='word_1_102' title='bbox 163 1755 277 1838; x_wconf 77' lang='grc' dir='ltr'><strong><em>ὀλίγον</em></strong></span> <span class='ocrx_word' id='word_1_103' title='bbox 299 1754 493 1820; x_wconf 88' lang='grc' dir='ltr'><strong><em>ἀπολιπόντι</em></strong></span> <span class='ocrx_word' id='word_1_104' title='bbox 515 1755 548 1831; x_wconf 89' lang='grc' dir='ltr'><strong><em>ἐς</em></strong></span> <span class='ocrx_word' id='word_1_105' title='bbox 570 1755 669 1832; x_wconf 85' lang='grc' dir='ltr'><strong><em>αὐτάς</em></strong></span> <span class='ocrx_word' id='word_1_106' title='bbox 688 1751 831 1838; x_wconf 71' lang='grc' dir='ltr'><strong><em>Ἀθήνας</em></strong></span> <span class='ocrx_word' id='word_1_107' title='bbox 853 1754 1028 1822; x_wconf 74' lang='grc' dir='ltr'><strong><em>ἀπικέσθαι</em></strong></span> <span class='ocrx_word' id='word_1_108' title='bbox 1051 1756 1161 1835; x_wconf 82' lang='grc' dir='ltr'><strong><em>οὐδεὶς</em></strong></span> 
     </span>
     <span class='ocr_line' id='line_1_16' title="bbox 127 1859 1161 1947; baseline 0.003 -22"><span class='ocrx_word' id='word_1_109' title='bbox 127 1861 310 1944; x_wconf 75' lang='grc' dir='ltr'><strong><em>βήντιώθη</em></strong></span> <span class='ocrx_word' id='word_1_110' title='bbox 338 1859 371 1936; x_wconf 88' lang='grc' dir='ltr'><strong><em>ἐς</em></strong></span> <span class='ocrx_word' id='word_1_111' title='bbox 393 1860 507 1946; x_wconf 89' lang='grc' dir='ltr'><strong><em>μάχην.</em></strong></span> <span class='ocrx_word' id='word_1_112' title='bbox 552 1863 658 1926; x_wconf 89' lang='grc' dir='ltr'><strong><em>καίτοι</em></strong></span> <span class='ocrx_word' id='word_1_113' title='bbox 681 1863 745 1943; x_wconf 85' lang='grc' dir='ltr'><strong><em>[γε]</em></strong></span> <span class='ocrx_word' id='word_1_114' title='bbox 774 1859 900 1926; x_wconf 89' lang='grc' dir='ltr'><strong><em>ἐώθασι</em></strong></span> <span class='ocrx_word' id='word_1_115' title='bbox 920 1859 1089 1947; x_wconf 84' lang='grc' dir='ltr'><strong><em>Ἕλληνες,</em></strong></span> <span class='ocrx_word' id='word_1_116' title='bbox 1116 1863 1161 1940; x_wconf 86' lang='grc' dir='ltr'><strong><em>ὡς</em></strong></span> 
     </span>
     <span class='ocr_line' id='line_1_17' title="bbox 162 1964 1160 2050; baseline 0.001 -18"><span class='ocrx_word' id='word_1_117' title='bbox 162 1965 389 2050; x_wconf 91' lang='grc' dir='ltr'><strong><em>πυνθάνομαι,</em></strong></span> <span class='ocrx_word' id='word_1_118' title='bbox 421 1965 624 2050; x_wconf 79' lang='grc' dir='ltr'><strong><em>ἀβουλότατα</em></strong></span> <span class='ocrx_word' id='word_1_119' title='bbox 655 1964 818 2050; x_wconf 86' lang='grc' dir='ltr'><strong><em>πολέμους</em></strong></span> <span class='ocrx_word' id='word_1_120' title='bbox 849 1965 1004 2032; x_wconf 79' lang='grc' dir='ltr'><strong><em>ἵστασθαι</em></strong></span> <span class='ocrx_word' id='word_1_121' title='bbox 1035 1967 1100 2033; x_wconf 86' lang='grc' dir='ltr'><strong><em>ὑπό</em></strong></span> <span class='ocrx_word' id='word_1_122' title='bbox 1125 1992 1160 2034; x_wconf 89' lang='grc' dir='ltr'><strong><em>τε</em></strong></span> 
     </span>
     <span class='ocr_line' id='line_1_18' title="bbox 163 2070 1162 2157; baseline 0.003 -21"><span class='ocrx_word' id='word_1_123' title='bbox 163 2071 400 2156; x_wconf 80' lang='grc' dir='ltr'><strong><em>ἀγνωμοσύνης</em></strong></span> <span class='ocrx_word' id='word_1_124' title='bbox 434 2070 490 2136; x_wconf 85' lang='grc' dir='ltr'><strong><em>καλ</em></strong></span> <span class='ocrx_word' id='word_1_125' title='bbox 521 2073 720 2155; x_wconf 85' lang='grc' dir='ltr'><strong><em>σκαιότητος.</em></strong></span> <span class='ocrx_word' id='word_1_126' title='bbox 770 2070 868 2135; x_wconf 88' lang='grc' dir='ltr'><strong><em>ἐπεάν</em></strong></span> <span class='ocrx_word' id='word_1_127' title='bbox 900 2073 964 2157; x_wconf 85' lang='grc' dir='ltr'><strong><em>γάρ</em></strong></span> <span class='ocrx_word' id='word_1_128' title='bbox 991 2072 1162 2156; x_wconf 81' lang='grc' dir='ltr'><strong><em>ἀλλήλοισι</em></strong></span> 
     </span>
     <span class='ocr_line' id='line_1_19' title="bbox 163 2175 1162 2265; baseline 0.004 -24"><span class='ocrx_word' id='word_1_129' title='bbox 163 2179 308 2261; x_wconf 89' lang='grc' dir='ltr'><strong><em>πόλεμον</em></strong></span> <span class='ocrx_word' id='word_1_130' title='bbox 335 2179 530 2262; x_wconf 88' lang='grc' dir='ltr'><strong><em>προείπωσι,</em></strong></span> <span class='ocrx_word' id='word_1_131' title='bbox 559 2175 746 2260; x_wconf 82' lang='grc' dir='ltr'><strong><em>ἐξευρόντες</em></strong></span> <span class='ocrx_word' id='word_1_132' title='bbox 771 2177 809 2241; x_wconf 89' lang='grc' dir='ltr'><strong><em>τὸ</em></strong></span> <span class='ocrx_word' id='word_1_133' title='bbox 836 2175 1011 2244; x_wconf 89' lang='grc' dir='ltr'><strong><em>κάλλιστον</em></strong></span> <span class='ocrx_word' id='word_1_134' title='bbox 1037 2183 1162 2265; x_wconf 91' lang='grc' dir='ltr'><strong><em>χωρίον</em></strong></span> 
     </span>
     <span class='ocr_line' id='line_1_20' title="bbox 163 2279 1162 2366; baseline 0.003 -20"><span class='ocrx_word' id='word_1_135' title='bbox 163 2279 218 2346; x_wconf 83' lang='grc' dir='ltr'><strong><em>καὶ</em></strong></span> <span class='ocrx_word' id='word_1_136' title='bbox 240 2283 418 2364; x_wconf 88' lang='grc' dir='ltr'><strong><em>λειότατον,</em></strong></span> <span class='ocrx_word' id='word_1_137' title='bbox 442 2283 475 2358; x_wconf 92' lang='grc' dir='ltr'><strong><em>ἐς</em></strong></span> <span class='ocrx_word' id='word_1_138' title='bbox 497 2290 594 2346; x_wconf 84' lang='grc' dir='ltr'><strong><em>τοῦτο</em></strong></span> <span class='ocrx_word' id='word_1_139' title='bbox 617 2282 783 2356; x_wconf 89' lang='grc' dir='ltr'><strong><em>κατιόντες</em></strong></span> <span class='ocrx_word' id='word_1_140' title='bbox 805 2281 973 2366; x_wconf 84' lang='grc' dir='ltr'><strong><em>μάχονται,</em></strong></span> <span class='ocrx_word' id='word_1_141' title='bbox 997 2284 1079 2350; x_wconf 81' lang='grc' dir='ltr'><strong><em>ὥστε</em></strong></span> <span class='ocrx_word' id='word_1_142' title='bbox 1097 2289 1162 2351; x_wconf 84' lang='grc' dir='ltr'><strong><em>σὺν</em></strong></span> 
     </span>
     <span class='ocr_line' id='line_1_21' title="bbox 163 2385 1162 2474; baseline 0.005 -23"><span class='ocrx_word' id='word_1_143' title='bbox 163 2393 251 2474; x_wconf 75' lang='grc' dir='ltr'><strong><em>κακῷ</em></strong></span> <span class='ocrx_word' id='word_1_144' title='bbox 274 2386 403 2472; x_wconf 78' lang='grc' dir='ltr'><strong><em>μεγάλῳ</em></strong></span> <span class='ocrx_word' id='word_1_145' title='bbox 424 2387 628 2462; x_wconf 79' lang='grc' dir='ltr'><strong><em>οἱνικῶντες</em></strong></span> <span class='ocrx_word' id='word_1_146' title='bbox 647 2385 924 2452; x_wconf 87' lang='grc' dir='ltr'><strong><em>ἀπαλλάσσονται·</em></strong></span> <span class='ocrx_word' id='word_1_147' title='bbox 946 2387 1021 2474; x_wconf 86' lang='grc' dir='ltr'><strong><em>περὶ</em></strong></span> <span class='ocrx_word' id='word_1_148' title='bbox 1041 2387 1077 2455; x_wconf 77' lang='grc' dir='ltr'><strong><em>δὲ</em></strong></span> <span class='ocrx_word' id='word_1_149' title='bbox 1094 2402 1162 2456; x_wconf 82' lang='grc' dir='ltr'><strong><em>τῶν</em></strong></span> 
     </span>
     <span class='ocr_line' id='line_1_22' title="bbox 165 2487 1163 2580; baseline 0.004 -22"><span class='ocrx_word' id='word_1_150' title='bbox 165 2487 375 2576; x_wconf 85' lang='grc' dir='ltr'><strong><em>ἑσσουμένων</em></strong></span> <span class='ocrx_word' id='word_1_151' title='bbox 398 2488 477 2556; x_wconf 71' lang='grc' dir='ltr'><strong><em>οὐδὲ</em></strong></span> <span class='ocrx_word' id='word_1_152' title='bbox 499 2488 583 2574; x_wconf 91' lang='grc' dir='ltr'><strong><em>λέγω</em></strong></span> <span class='ocrx_word' id='word_1_153' title='bbox 608 2490 726 2576; x_wconf 84' lang='grc' dir='ltr'><strong><em>ἀρχήν,</em></strong></span> <span class='ocrx_word' id='word_1_154' title='bbox 750 2490 881 2570; x_wconf 80' lang='grc' dir='ltr'><strong><em>ἐξώλεες</em></strong></span> <span class='ocrx_word' id='word_1_155' title='bbox 902 2495 965 2580; x_wconf 87' lang='grc' dir='ltr'><strong><em>γάρ</em></strong></span> <span class='ocrx_word' id='word_1_156' title='bbox 987 2496 1028 2578; x_wconf 82' lang='grc' dir='ltr'><strong><em>δὴ</em></strong></span> <span class='ocrx_word' id='word_1_157' title='bbox 1050 2499 1163 2580; x_wconf 90' lang='grc' dir='ltr'><strong><em>γίνον-</em></strong></span> 
     </span>
     <span class='ocr_line' id='line_1_23' title="bbox 164 2595 1161 2683; baseline 0.004 -21"><span class='ocrx_word' id='word_1_158' title='bbox 164 2620 225 2662; x_wconf 90' lang='grc' dir='ltr'><strong><em>ται.</em></strong></span> <span class='ocrx_word' id='word_1_159' title='bbox 270 2597 348 2672; x_wconf 86' lang='grc' dir='ltr'><strong><em>τοὺς</em></strong></span> <span class='ocrx_word' id='word_1_160' title='bbox 370 2603 467 2679; x_wconf 80' lang='grc' dir='ltr'><strong><em>χρῆν,</em></strong></span> <span class='ocrx_word' id='word_1_161' title='bbox 492 2595 605 2672; x_wconf 82' lang='grc' dir='ltr'><strong><em>ἐόντας</em></strong></span> <span class='ocrx_word' id='word_1_162' title='bbox 627 2595 873 2680; x_wconf 87' lang='grc' dir='ltr'><strong><em>ὁμογλώσσους,</em></strong></span> <span class='ocrx_word' id='word_1_163' title='bbox 897 2597 1015 2683; x_wconf 79' lang='grc' dir='ltr'><strong><em>κήρυξί</em></strong></span> <span class='ocrx_word' id='word_1_164' title='bbox 1033 2622 1068 2665; x_wconf 88' lang='grc' dir='ltr'><strong><em>τε</em></strong></span> <span class='ocrx_word' id='word_1_165' title='bbox 1091 2602 1161 2666; x_wconf 90' lang='grc' dir='ltr'><strong><em>δια-</em></strong></span> 
     </span>
    </p>
   </div>
   <div class='ocr_carea' id='block_1_4' title="bbox 165 2695 1332 2794">
    <p class='ocr_par' dir='ltr' id='par_1_4' title="bbox 165 2695 1332 2794">
     <span class='ocr_line' id='line_1_24' title="bbox 165 2695 1332 2794; baseline -0.045 -23"><span class='ocrx_word' id='word_1_166' title='bbox 165 2700 370 2790; x_wconf 90' lang='grc' dir='ltr'><strong><em>χρεωμένους</em></strong></span> <span class='ocrx_word' id='word_1_167' title='bbox 388 2697 443 2764; x_wconf 82' lang='grc' dir='ltr'><strong><em>καί</em></strong></span> <span class='ocrx_word' id='word_1_168' title='bbox 460 2697 628 2783; x_wconf 87' lang='grc' dir='ltr'><strong><em>ἀγγέλοισι</em></strong></span> <span class='ocrx_word' id='word_1_169' title='bbox 645 2702 907 2786; x_wconf 84' lang='grc' dir='ltr'><strong><em>καταλαμβάνειν</em></strong></span> <span class='ocrx_word' id='word_1_170' title='bbox 924 2705 981 2780; x_wconf 88' lang='grc' dir='ltr'><strong><em>τάς</em></strong></span> <span class='ocrx_word' id='word_1_171' title='bbox 1000 2705 1162 2794; x_wconf 63' lang='grc' dir='ltr'><strong><em>διαφορὰς</em></strong></span> <span class='ocrx_word' id='word_1_172' title='bbox 1236 2724 1241 2730; x_wconf 94' lang='grc'><strong><em>.</em></strong></span> <span class='ocrx_word' id='word_1_173' title='bbox 1331 2695 1332 2720; x_wconf 64' lang='grc' dir='ltr'><strong><em>ι</em></strong></span> 
     </span>
    </p>
   </div>
   <div class='ocr_carea' id='block_1_5' title="bbox 132 2803 1162 3531">
    <p class='ocr_par' dir='ltr' id='par_1_5' title="bbox 132 2803 1162 3531">
     <span class='ocr_line' id='line_1_25' title="bbox 165 2803 1162 2892; baseline 0.005 -19"><span class='ocrx_word' id='word_1_174' title='bbox 165 2807 219 2873; x_wconf 79' lang='grc' dir='ltr'><strong><em>καὶ</em></strong></span> <span class='ocrx_word' id='word_1_175' title='bbox 245 2803 342 2873; x_wconf 83' lang='grc' dir='ltr'><strong><em>παντί</em></strong></span> <span class='ocrx_word' id='word_1_176' title='bbox 365 2811 489 2890; x_wconf 85' lang='grc' dir='ltr'><strong><em>μᾶλλον</em></strong></span> <span class='ocrx_word' id='word_1_177' title='bbox 512 2806 532 2891; x_wconf 78' lang='grc' dir='ltr'><strong>ἦ</strong></span> <span class='ocrx_word' id='word_1_178' title='bbox 555 2807 689 2892; x_wconf 86' lang='grc' dir='ltr'><strong><em>μάχησι·</em></strong></span> <span class='ocrx_word' id='word_1_179' title='bbox 713 2809 743 2872; x_wconf 90' lang='grc' dir='ltr'><strong><em>εί</em></strong></span> <span class='ocrx_word' id='word_1_180' title='bbox 764 2805 801 2874; x_wconf 78' lang='grc' dir='ltr'><strong><em>δέ</em></strong></span> <span class='ocrx_word' id='word_1_181' title='bbox 823 2807 953 2886; x_wconf 89' lang='grc' dir='ltr'><strong><em>πάντως</em></strong></span> <span class='ocrx_word' id='word_1_182' title='bbox 975 2810 1046 2876; x_wconf 81' lang='grc' dir='ltr'><strong><em>ἔδεε</em></strong></span> <span class='ocrx_word' id='word_1_183' title='bbox 1067 2818 1162 2879; x_wconf 87' lang='grc' dir='ltr'><strong><em>πολε-</em></strong></span> 
     </span>
     <span class='ocr_line' id='line_1_26' title="bbox 165 2909 1162 3003; baseline 0.002 -23"><span class='ocrx_word' id='word_1_184' title='bbox 165 2913 256 3000; x_wconf 87' lang='grc' dir='ltr'><strong><em>μέειν</em></strong></span> <span class='ocrx_word' id='word_1_185' title='bbox 272 2912 354 3000; x_wconf 86' lang='grc' dir='ltr'><strong><em>πρὸς</em></strong></span> <span class='ocrx_word' id='word_1_186' title='bbox 372 2911 542 2995; x_wconf 80' lang='grc' dir='ltr'><strong><em>ἀλλήλους,</em></strong></span> <span class='ocrx_word' id='word_1_187' title='bbox 561 2909 758 2998; x_wconf 84' lang='grc' dir='ltr'><strong><em>ἐξευρίσκειν</em></strong></span> <span class='ocrx_word' id='word_1_188' title='bbox 776 2921 860 2998; x_wconf 81' lang='grc' dir='ltr'><strong><em>χρῆν</em></strong></span> <span class='ocrx_word' id='word_1_189' title='bbox 876 2922 915 2998; x_wconf 75' lang='grc' dir='ltr'><strong><em>τῇ</em></strong></span> <span class='ocrx_word' id='word_1_190' title='bbox 934 2913 1084 3003; x_wconf 81' lang='grc' dir='ltr'><strong><em>ἑκάτεροί</em></strong></span> <span class='ocrx_word' id='word_1_191' title='bbox 1098 2919 1162 2984; x_wconf 86' lang='grc' dir='ltr'><strong><em>είσι</em></strong></span> 
     </span>
     <span class='ocr_line' id='line_1_27' title="bbox 167 3015 1162 3109; baseline 0.006 -24"><span class='ocrx_word' id='word_1_192' title='bbox 167 3021 457 3105; x_wconf 79' lang='grc' dir='ltr'><strong><em>δυσχειρωτότατοι</em></strong></span> <span class='ocrx_word' id='word_1_193' title='bbox 478 3015 534 3082; x_wconf 84' lang='grc' dir='ltr'><strong><em>καλ</em></strong></span> <span class='ocrx_word' id='word_1_194' title='bbox 555 3019 656 3104; x_wconf 86' lang='grc' dir='ltr'><strong><em>ταύτη</em></strong></span> <span class='ocrx_word' id='word_1_195' title='bbox 678 3027 804 3105; x_wconf 85' lang='grc' dir='ltr'><strong><em>πειρᾶν.</em></strong></span> <span class='ocrx_word' id='word_1_196' title='bbox 848 3023 958 3109; x_wconf 79' lang='grc' dir='ltr'><strong><em>τρόπω</em></strong></span> <span class='ocrx_word' id='word_1_197' title='bbox 982 3026 1098 3090; x_wconf 88' lang='grc' dir='ltr'><strong><em>τοίνυν</em></strong></span> <span class='ocrx_word' id='word_1_198' title='bbox 1121 3025 1162 3090; x_wconf 86' lang='grc' dir='ltr'><strong><em>οὐ</em></strong></span> 
     </span>
     <span class='ocr_line' id='line_1_28' title="bbox 166 3122 1162 3215; baseline 0.005 -26"><span class='ocrx_word' id='word_1_199' title='bbox 166 3133 294 3212; x_wconf 75' lang='grc' dir='ltr'><strong><em>χρηστῷ</em></strong></span> <span class='ocrx_word' id='word_1_200' title='bbox 316 3123 472 3208; x_wconf 83' lang='grc' dir='ltr'><strong><em>Ἕλληνες</em></strong></span> <span class='ocrx_word' id='word_1_201' title='bbox 500 3125 734 3210; x_wconf 77' lang='grc' dir='ltr'><strong><em>διαχρεώμενοι</em></strong></span> <span class='ocrx_word' id='word_1_202' title='bbox 765 3122 839 3209; x_wconf 88' lang='grc' dir='ltr'><strong><em>ἐμέο</em></strong></span> <span class='ocrx_word' id='word_1_203' title='bbox 867 3126 1043 3206; x_wconf 86' lang='grc' dir='ltr'><strong><em>ἐλάσαντος</em></strong></span> <span class='ocrx_word' id='word_1_204' title='bbox 1068 3129 1162 3215; x_wconf 91' lang='grc' dir='ltr'><strong><em>μέχρι</em></strong></span> 
     </span>
     <span class='ocr_line' id='line_1_29' title="bbox 166 3225 1161 3319; baseline 0.006 -25"><span class='ocrx_word' id='word_1_205' title='bbox 166 3230 377 3314; x_wconf 89' lang='grc' dir='ltr'><strong><em>Μακεδονίης</em></strong></span> <span class='ocrx_word' id='word_1_206' title='bbox 391 3230 452 3295; x_wconf 87' lang='grc' dir='ltr'><strong><em>οὐκ</em></strong></span> <span class='ocrx_word' id='word_1_207' title='bbox 469 3225 577 3312; x_wconf 74' lang='grc' dir='ltr'><strong><em>ἦλθον</em></strong></span> <span class='ocrx_word' id='word_1_208' title='bbox 595 3231 628 3307; x_wconf 90' lang='grc' dir='ltr'><strong><em>ἐς</em></strong></span> <span class='ocrx_word' id='word_1_209' title='bbox 646 3232 767 3296; x_wconf 89' lang='grc' dir='ltr'><strong><em>τούτου</em></strong></span> <span class='ocrx_word' id='word_1_210' title='bbox 780 3232 881 3314; x_wconf 93' lang='grc' dir='ltr'><strong><em>λόγον</em></strong></span> <span class='ocrx_word' id='word_1_211' title='bbox 895 3233 977 3298; x_wconf 83' lang='grc' dir='ltr'><strong><em>ὥστε</em></strong></span> <span class='ocrx_word' id='word_1_212' title='bbox 991 3233 1161 3319; x_wconf 89' lang='grc' dir='ltr'><strong><em>μάχεσθαι.</em></strong></span> 
     </span>
     <span class='ocr_line' id='line_1_30' title="bbox 132 3331 1162 3425; baseline 0.004 -25"><span class='ocrx_word' id='word_1_213' title='bbox 132 3361 148 3412; x_wconf 86' lang='grc' dir='ltr'><strong><em>γ</em></strong></span> <span class='ocrx_word' id='word_1_214' title='bbox 168 3332 221 3401; x_wconf 82' lang='grc' dir='ltr'><strong><em>σοὶ</em></strong></span> <span class='ocrx_word' id='word_1_215' title='bbox 245 3331 281 3399; x_wconf 76' lang='grc' dir='ltr'><strong><em>δέ</em></strong></span> <span class='ocrx_word' id='word_1_216' title='bbox 300 3335 340 3418; x_wconf 76' lang='grc' dir='ltr'><strong><em>δὴ</em></strong></span> <span class='ocrx_word' id='word_1_217' title='bbox 359 3332 468 3418; x_wconf 91' lang='grc' dir='ltr'><strong><em>μέλλει</em></strong></span> <span class='ocrx_word' id='word_1_218' title='bbox 485 3357 544 3417; x_wconf 90' lang='grc' dir='ltr'><strong><em>τις,</em></strong></span> <span class='ocrx_word' id='word_1_219' title='bbox 568 3331 593 3401; x_wconf 89' lang='grc' dir='ltr'><strong><em>ώ</em></strong></span> <span class='ocrx_word' id='word_1_220' title='bbox 612 3339 758 3420; x_wconf 85' lang='grc' dir='ltr'><strong><em>βασιλεῦ,</em></strong></span> <span class='ocrx_word' id='word_1_221' title='bbox 781 3336 1001 3404; x_wconf 87' lang='grc' dir='ltr'><strong><em>ἀντιώσεσθαι</em></strong></span> <span class='ocrx_word' id='word_1_222' title='bbox 1018 3343 1162 3425; x_wconf 90' lang='grc' dir='ltr'><strong><em>πόλεμον</em></strong></span> 
     </span>
     <span class='ocr_line' id='line_1_31' title="bbox 167 3438 1162 3531; baseline 0.006 -26"><span class='ocrx_word' id='word_1_223' title='bbox 167 3438 361 3526; x_wconf 88' lang='grc' dir='ltr'><strong><em>προφέρων,</em></strong></span> <span class='ocrx_word' id='word_1_224' title='bbox 394 3439 508 3522; x_wconf 88' lang='grc' dir='ltr'><strong><em>ἀγοντι</em></strong></span> <span class='ocrx_word' id='word_1_225' title='bbox 534 3438 588 3504; x_wconf 85' lang='grc' dir='ltr'><strong><em>καὶ</em></strong></span> <span class='ocrx_word' id='word_1_226' title='bbox 615 3447 743 3525; x_wconf 80' lang='grc' dir='ltr'><strong><em>πλῆθος</em></strong></span> <span class='ocrx_word' id='word_1_227' title='bbox 768 3442 805 3506; x_wconf 90' lang='grc' dir='ltr'><strong><em>τὸ</em></strong></span> <span class='ocrx_word' id='word_1_228' title='bbox 832 3442 868 3508; x_wconf 90' lang='grc' dir='ltr'><strong><em>ἐκ</em></strong></span> <span class='ocrx_word' id='word_1_229' title='bbox 893 3452 950 3530; x_wconf 80' lang='grc' dir='ltr'><strong><em>τῆς</em></strong></span> <span class='ocrx_word' id='word_1_230' title='bbox 973 3441 1082 3531; x_wconf 87' lang='grc' dir='ltr'><strong><em>Ἀσίης</em></strong></span> <span class='ocrx_word' id='word_1_231' title='bbox 1107 3443 1162 3510; x_wconf 81' lang='grc' dir='ltr'><strong><em>καί</em></strong></span> 
     </span>
    </p>
   </div>
   <div class='ocr_carea' id='block_1_6' title="bbox 0 0 1349 3970">
    <p class='ocr_par' dir='ltr' id='par_1_6' title="bbox 0 0 1349 3970">
     <span class='ocr_line' id='line_1_32' title="bbox 0 0 1349 3970; baseline 0 0"><span class='ocrx_word' id='word_1_232' title='bbox 0 0 1349 3970; x_wconf 95' lang='lat' dir='ltr'><strong><em> </em></strong></span> 
     </span>
    </p>
   </div>
  </div>
 </body>
</html>
