2678 3970
199 244 262 309 168
611 240 796 297 Ηεοοοοει

197 391 260 473 ἔχω
293 385 458 471 ἀτρεκέως
484 387 650 472 διακρῖναι
682 386 758 451 οὐτε
790 387 820 450 εί
844 394 889 473 τῷ
916 384 998 474 ἡλίφ
1030 385 1204 468 ἀνατιδελς

196 501 313 576 κατῆκε
336 493 370 570 ἐς
391 494 428 558 τὸ
451 491 591 576 πέλαγος
610 493 685 558 οὐτε
705 494 735 557 εί
751 490 947 576 μετεμέλησέ
962 492 998 556 οί
1012 493 1072 557 τὸν
1086 490 1203 578 Ἑλλή-

197 615 343 663 σποντον
366 599 610 683 μαστιγώσαντι
632 595 686 663 καλ
710 595 782 662 ἀντὶ
800 598 927 662 τούτων
944 598 1005 680 τὴν
1022 599 1201 666 θάλασσαν

141 719 178 769 σσ
197 703 362 789 ἐδωρέετο.
408 705 452 781 ὡς
476 701 636 770 δὲταῦτα
659 703 900 786 οίέπεποίητο,
925 702 1093 786 διέβαινον
1116 709 1201 772 κατὰ
1325 699 1326 766 λ

195 806 256 895 μὲν
283 811 344 894 τὴν
372 808 486 895 ἑτέρην
511 821 578 876 τῶν
599 808 774 895 γεφυρέων
795 810 856 892 τὴν
878 809 960 894 πρὸς
982 817 1043 874 τοῦ
1061 814 1200 877 Πόντου
1325 877 1326 884 ,

195 915 213 981 ὁ
236 919 330 994 πεζός
351 939 387 980 τε
413 914 468 980 καλ
490 915 511 998 ἡ
534 916 631 991 λ’ππος
653 916 777 997 ἅπασα,
805 915 885 980 κατδι
912 911 949 978 δέ
973 916 1032 998 τὴυ
1054 918 1137 1001 πρὸς
1160 920 1199 983 τὸ
1325 920 1326 923 ’

194 1024 336 1105 Αύγαῖον
349 1023 389 1086 τὰ
402 1022 562 1102 ὑποζύγια
575 1019 630 1086 κοιλ
643 1021 664 1104 ἡ
678 1024 851 1105 θεραπηίη.
879 1019 1017 1103 ἡγέοντο
1032 1017 1069 1087 δὲ
1082 1034 1199 1107 πρῶτα

194 1125 255 1212 μλν
279 1129 314 1192 οί
334 1129 448 1213 μύριοι
466 1125 604 1212 Πέρσαι,
627 1125 890 1210 ἐστεφανωμένοι
908 1126 1036 1209 πάντες,
1060 1129 1141 1212 μετὰ
1160 1126 1199 1196 δὲ

195 1234 335 1310 τούτους
357 1233 375 1299 ὁ
400 1234 578 1318 σύμμικτος
600 1233 738 1316 στρατὸς
760 1234 927 1297 παντοίων
945 1230 1082 1297 ἐθνέων.
1118 1235 1198 1299 ταύ-
1325 1253 1326 1270 ³

193 1363 255 1423 την
286 1336 347 1419 μὲν
375 1339 436 1422 τὴν
463 1337 589 1423 ἡμέρην
617 1333 724 1421 οὗτοι,
756 1346 795 1423 τῇ
824 1334 861 1403 δὲ
887 1337 1042 1424 ὐστεραίη
1069 1350 1198 1424 πρῶτοι

193 1442 255 1530 μέν
278 1445 367 1512 οἵτε
391 1445 524 1510 ίκπόται
545 1441 599 1508 καλ
623 1444 658 1509 oc
676 1445 734 1520 τὰς
756 1445 875 1528 λόγχας
897 1443 983 1508 κοίτω
1001 1445 1195 1528 τράποντες·

193 1550 420 1634 ἐστεφάνωντο
449 1546 486 1615 δέ
515 1548 571 1616 καλ
598 1545 699 1614 οὗτοι.
745 1551 825 1634 μετὰ
854 1545 891 1616 δέ
918 1550 1011 1614 οἵτε
1038 1551 1132 1616 ἵπποι
1162 1554 1200 1618 οί

193 1655 261 1742 ίρολ
291 1653 346 1720 καὶ
377 1657 414 1721 τδ
441 1656 528 1740 ἅρμα
555 1657 592 1722 τὸ
621 1657 710 1741 ίρόν,
742 1653 795 1721 ἐπὶ
822 1651 859 1720 δὲ
886 1655 984 1732 αὐτός
1009 1679 1044 1720 τε
1070 1655 1197 1742 Ξέρξης
1326 1659 1327 1708 λ

192 1761 247 1828 καλ
278 1761 313 1826 οί
339 1763 539 1848 αἰχμοφόροι
570 1759 624 1826 κοιλ
652 1763 687 1826 οί
712 1762 844 1826 ίππόται
870 1762 905 1826 οί
928 1766 1043 1846 χίλιοι,
1075 1761 1129 1828 ἐπὶ
1157 1761 1195 1829 δὲ

191 1869 339 1934 τούτοισι
362 1867 380 1933 δ
403 1869 501 1944 ἄλλος
524 1870 669 1953 στρατός.
713 1865 767 1932 καλ
791 1868 828 1931 αί
847 1864 918 1943 νέες
940 1868 1005 1951 ἅμα
1028 1867 1193 1952 ἀνήγοντο
1324 1895 1327 1936 ;

193 1974 226 2052 ἐς
247 1975 309 2058 τὴν
331 1973 537 2039 ἀπεναντίον.
582 1974 646 2057 ἡδη
675 1969 711 2039 δέ
733 1975 859 2057 ἡκουσα
880 1970 935 2037 καλ
957 1973 1099 2039 ύστατον
1123 1976 1193 2040 δια-

191 2084 290 2165 βῆναι
312 2079 449 2163 βασιλέα
471 2081 612 2146 πάντων.

139 2201 172 2250 οὐ
279 2185 402 2270 Ξέρξης
425 2182 462 2250 δὲ
485 2185 588 2251 ἐπείτε
612 2185 710 2269 διέβη
729 2185 762 2262 ἐς
780 2186 842 2268 τὴν
859 2184 1036 2268 Εὐρώπην,
1060 2185 1192 2270 ἐθηεῖτο

190 2292 251 2355 τὸν
279 2293 421 2375 στρατὸν
448 2290 511 2355 ὑπὸ
539 2294 706 2374 μαστίγων
730 2291 951 2374 διαβαίνοντα.
997 2290 1090 2376 διέβη
1113 2291 1191 2360 δέὁ

191 2397 329 2479 στρατὸς
358 2396 461 2460 αὐτοῦ
490 2395 526 2461 ἐν
554 2395 633 2461 έπτδι
654 2395 794 2482 ἡμέρησι
819 2394 874 2461 καλ
901 2395 938 2461 ἐν
965 2395 1044 2461 ἑπτδι
1071 2399 1193 2485 εὐφρό-

190 2517 278 2585 νησι,
302 2500 455 2576 ἐλινύσας
478 2500 599 2566 οὐδένα
622 2505 753 2586 χρόνον.
795 2501 940 2568 ἐνθαῦτα
962 2502 1089 2585 λέγεται
1111 2505 1192 2590 Ξέρ-

191 2605 252 2684 ξεω
274 2607 337 2689 ἡδη
362 2607 595 2690 διαβεβηκότος
616 2609 675 2673 τὸν
694 2605 935 2692 Ἑλλήσποντον
957 2609 1063 2694 ἄνδρα
1086 2614 1191 2678 εἰπεῖν

186 2709 457 2796 Ἑλλησπόντιον·
481 2704 519 2777 Ὠ
543 2717 624 2797 Ζεῦ,
648 2719 682 2780 τί
703 2715 743 2798 δὴ
766 2711 863 2799 ἀνδρί
886 2715 1054 2797 είδόμενος
1077 2716 1193 2804 Πέρση

190 2816 244 2883 καλ
268 2819 395 2903 ούνομα
418 2817 492 2884 ὐντλ
509 2821 593 2897 Διὸς
612 2820 739 2907 Ξέρξην
760 2819 902 2904 θέμενος
923 2818 1107 2887 ἀνάστατον
1130 2826 1193 2908 τὴν

186 2921 327 2990 Ἑλλάδα
344 2925 455 3002 θέλεις
472 2935 617 3010 ποιῆσαι,
641 2928 731 3009 ἄγων
749 2927 872 3001 πάντας
890 2925 1104 3012 όνδρώπους;
1137 2930 1193 2996 καλ
1323 2923 1328 2944 ⁴

189 3031 253 3116 γὰρ
276 3032 356 3096 ἄνευ
378 3031 506 3096 τούτων
530 3032 605 3114 ἐξῆν
626 3055 679 3098 τοι
700 3032 825 3099 ποιέειν
846 3039 957 3096 ταῦτα.

136 3152 170 3203 σε
274 3134 329 3214 Ὡς
348 3133 384 3201 δὲ
404 3135 562 3220 διέβησαν
580 3137 709 3220 πάντες,
727 3137 760 3214 ἐς
773 3137 854 3203 ὁδὸν
868 3135 1083 3223 ὁρμημένοισι
1095 3141 1193 3226 τέρας

190 3258 251 3324 σφι
274 3242 379 3326 ἐφοίνη
399 3241 491 3326 μέγα,
515 3243 553 3307 τὸ
571 3241 694 3328 Ξέρξης
717 3242 753 3308 ἐν
777 3241 889 3308 οὐδενὶ
908 3246 994 3332 λόγφ
1014 3245 1192 3330 ἐποιήσατο

189 3349 305 3431 καίπερ
342 3349 570 3432 εὐσύμβλητον
606 3349 682 3414 ἐόν·
723 3349 820 3426 ίππος
855 3350 917 3434 γὰρ
954 3353 1041 3415 ἔτεκε
1077 3357 1191 3436 λαγόν.

190 3450 418 3536 εὐσύμβλητον
445 3449 493 3518 ὦν
519 3455 597 3537 τῇδε
624 3463 722 3520 τοῦτο
751 3453 893 3538 ἐγένετο,
921 3455 972 3521 ότι
994 3459 1107 3540 ἔμελλε
1129 3455 1193 3541 μὲν
