2640 3960
201 297 265 361 126
609 290 797 346 Ηιιιιοοοω

201 443 289 505 δοῦσι
311 439 399 522 παρὰ
418 440 567 523 Κροίσου
590 433 855 520 ἀπικνεομένοισι
878 433 930 500 ἐπὶ
948 436 985 499 τὸ
1005 435 1203 519 χρηστήριον
1269 457 1275 466 ’

198 547 236 610 τὸ
260 543 294 610 ἐν
319 548 484 626 Δελφοῖσι
506 544 726 626 συμπρήκτωρ
748 562 783 605 τε
811 539 937 622 ἐγίνετο
964 537 1019 604 καὶ
1045 540 1203 623 συυελάμ·

200 654 281 734 βανε
304 650 495 734 προθύμως,
518 653 573 712 καί
593 670 651 731 μιν
670 649 815 727 Κροῖσος
836 647 1028 730 πυθόμενος
1050 657 1117 738 τῶν
1136 650 1204 710 Λυ-

201 759 269 822 δῶν
287 767 353 820 τῶν
373 754 405 832 ές
418 755 458 818 τά
471 755 652 838 χρηστήρια
671 753 874 838 φοιτεόντων
889 749 1013 817 ἑωυτὸν
1028 747 1066 817 εὖ
1079 751 1204 818 ποιέειν

199 861 437 946 μεταπέμπεται
451 858 484 935 ἐς
498 858 634 942 Σάρδις,
654 857 854 941 ἀπικόμενον
870 853 906 921 δέ
921 855 1079 940 δωρέεται
1092 865 1204 944 χρυσῷ

199 969 258 1033 τὸν
285 966 326 1032 διν
356 967 495 1047 δύνηται
517 966 562 1051 τῷ
587 962 713 1029 ἑωυτοῦ
736 965 861 1047 σώματι
884 962 1109 1042 ἐξενείκασθαι
1125 961 1206 1041 Δἐσά-

199 1075 270 1151 παξ.
311 1071 329 1137 ὁ
354 1067 391 1135 δέ
410 1067 574 1154 Ἀλκμέων
597 1071 679 1153 πρὸς
701 1069 762 1152 τήν
786 1068 925 1154 δωρεήν,
949 1067 1071 1134 ἐοῦσαν
1093 1070 1206 1133 τοιαύ-

199 1201 270 1261 την,
293 1168 405 1242 τοιάδε
427 1174 640 1258 ἐπιτηδεύσας
658 1172 858 1259 προσέφερε·
881 1173 980 1251 έυδὺς
1002 1180 1133 1238 κιθῶνα
1151 1173 1206 1258 μέ-

199 1309 263 1380 γαν
294 1281 349 1348 καὶ
380 1285 504 1347 κόλπον
535 1283 648 1365 βαθὺν
675 1282 933 1364 καταλιπόμενος
960 1289 1021 1345 τοῦ
1047 1287 1205 1364 κιθῶνος,

199 1391 387 1474 κοθόρνους
413 1390 491 1463 τοὺς
518 1387 648 1472 εὕρισκε
676 1387 875 1469 εὐρυτάτους
902 1385 1016 1462 ἐόντας
1039 1386 1205 1469 ὑποδησά-

200 1518 299 1579 μενος
320 1496 372 1578 ήιε
394 1492 427 1570 ἐς
449 1494 509 1558 τὸν
531 1493 706 1576 θησαυρὸν
729 1490 762 1567 ἐς
779 1494 838 1556 τόν
858 1492 893 1556 ol
908 1491 1116 1575 κατηγέοντο.
1153 1493 1206 1558 έσ-

199 1601 309 1666 πεσὼν
342 1597 379 1664 δὲ
410 1598 444 1675 ές
468 1600 585 1694 ’σωρὸν
618 1601 788 1681 ψήγματος
816 1608 930 1682 πρῶτα
957 1595 1018 1682 μέν
1045 1597 1206 1682 παρέσαξε

199 1708 287 1790 παρὰ
318 1708 375 1782 τὰς
405 1709 531 1789 κνήμας
562 1714 622 1769 τοῦ
654 1712 780 1790 χρυσοῦ
811 1705 892 1768 ὅσον
921 1703 1063 1790 ἐχώρεον
1091 1705 1127 1768 οί
1150 1708 1205 1770 κό-

199 1819 332 1898 θορνοι,
355 1813 434 1896 μετὰ
454 1810 490 1876 δὲ
508 1811 568 1877 τὸν
586 1814 710 1876 κόλπου
729 1810 834 1874 πάντα
852 1811 1061 1894 πλησάμενος
1078 1819 1205 1895 χρυσοῦ

199 1917 254 1984 καὶ
278 1918 310 1994 ἐς
332 1919 389 1994 τὰς
410 1921 524 2001 τρίχας
543 1926 600 2000 τῆς
618 1921 761 2000 κεφαλῆς
780 1917 941 1994 διαπάσας
958 1924 1018 1982 τοῦ
1037 1919 1206 2001 ψήγματος
1317 1981 1319 1996 ,

200 2023 254 2090 καί
281 2026 361 2089 άλλο
389 2024 500 2107 λαβὼν
527 2022 560 2099 ἐς
581 2024 618 2087 τὸ
642 2025 745 2107 στόμα
769 2020 854 2104 ἐξήιε
877 2021 913 2086 ἐκ
934 2031 995 2087 τοῦ
1016 2029 1205 2108 θησαυροῦ,

200 2129 305 2194 έλκων
328 2127 389 2215 μὲν
411 2132 507 2215 μόγις
528 2131 605 2206 τοὺς
627 2131 824 2212 κοθόρνους,
848 2125 948 2192 παντὶ
967 2127 1006 2193 δέ
1026 2153 1088 2216 τεφ
1108 2131 1206 2206 οἰκὼς

200 2239 325 2318 μᾶλλον
352 2235 372 2319 ή
401 2235 582 2322 άνθρώπφ·
618 2242 678 2299 τοῦ
704 2235 743 2299 τό
769 2257 804 2298 τε
831 2237 935 2319 στόμα
966 2233 1123 2318 ἐβέβυστο
1150 2235 1206 2300 καί

200 2340 307 2404 πάντα
335 2339 511 2422 ἐξώγκωτο.
557 2341 671 2404 ι’δόυτα
699 2337 736 2404 δέ
762 2340 821 2404 τὸν
848 2343 996 2424 Κροῖσον
1023 2341 1127 2424 γέλως
1154 2342 1205 2407 ἐσ·

200 2448 299 2528 ήλθε,
326 2447 385 2508 καί
410 2446 445 2509 οί
468 2445 573 2509 πάντα
600 2468 635 2509 τε
662 2444 770 2510 ἐκεῖνα
798 2447 891 2510 διδοῖ
918 2444 973 2511 καὶ
999 2449 1082 2532 πρὸς
1110 2447 1205 2532 ἔτερα

202 2547 357 2634 δωρέεται
380 2549 441 2614 οὐκ
464 2550 590 2615 ἐλάσσω
614 2549 759 2616 ἐκείνων.
797 2551 883 2616 οὕτω
906 2549 967 2636 μέν
986 2552 1205 2638 ἐκλούτησεή

202 2657 287 2738 οίκίη
316 2654 398 2738 αὕτη
427 2656 589 2740 μεγάλως,
616 2653 671 2720 καὶ
699 2655 717 2721 δ
737 2653 901 2742 Ἀλκμέων
925 2653 1022 2735 οὗτος
1046 2659 1132 2726 οὕτω
1155 2683 1205 2724 τε-

152 2783 199 2833 126
209 2764 506 2848 θριπποτροφήσας
521 2759 722 2846 Ὀλυμπιάδα
736 2762 932 2849 άυαιρέεται·
952 2767 1032 2849 μετὰ
1047 2763 1094 2848 δέ,
1109 2775 1205 2850 γενεή

202 2868 339 2955 δευτέρη
357 2868 508 2952 ὕστερον,
526 2866 733 2952 Κλεισθένης
752 2891 809 2953 μιν
824 2867 841 2932 ὁ
857 2872 1030 2947 Σικυῶνος
1042 2871 1207 2955 τύραννος
1307 2939 1318 2968 ,

202 2974 335 3060 ἐξήειρε,
359 2975 441 3041 ὥστε
463 2979 572 3062 πολλῶ
597 2973 861 3070 ὀνομαστοτέρην
884 2977 1042 3058 γενέσθαι
1065 2976 1101 3042 ἐν
1119 2989 1207 3042 τοῖσι

202 3079 338 3165 Ἕλλησι
360 3080 381 3164 ἢ
403 3083 565 3166 πρότερον
588 3075 640 3164 ήν.
684 3080 884 3145 Κλεισθένει·
903 3083 966 3165 γάρ
989 3091 1034 3168 τῷ
1054 3080 1208 3168 Ἀριστω-

202 3188 311 3270 νύμου
332 3196 393 3251 τοῦ
415 3188 584 3271 Μύρωνος
606 3195 666 3251 τοῦ
681 3182 825 3272 Ἀνδρέω
848 3190 973 3270 γίνεται
996 3189 1148 3274 θυγάτηρ
1167 3199 1207 3273 τῇ
1317 3269 1318 3282 ¹

203 3291 330 3376 οὔνομα
343 3287 386 3374 ἦν
397 3289 579 3375 Ἀγαρίστη.
612 3291 734 3376 ταύτην
752 3291 906 3376 ήθέλησε,
921 3289 1090 3376 Ἑλλήνων
1104 3294 1208 3358 ἁπάν-
1317 3321 1318 3326 ’

202 3422 270 3462 των
293 3395 436 3480 ἐξευρὼν
459 3399 517 3461 τὸν
540 3397 687 3480 άριστου,
710 3399 816 3484 τούτῳ
839 3409 981 3481 γυναῖκα
999 3407 1207 3486 προσθεῖναι.

201 3503 385 3589 Ὀλυμπίων
404 3497 451 3566 ὧν
470 3502 593 3567 ἐόντων
611 3501 665 3567 καὶ
683 3514 786 3568 νικῶν
805 3503 841 3569 ἐν
857 3504 986 3569 αὐτοῖσι
1003 3509 1175 3593 τεθρίππῳ
1190 3507 1208 3574 ὑ
