2678 3968
220 281 286 344 262
633 275 821 332 HERODOTI

220 423 344 505 Ἴωνες,
367 422 408 486 οὐ
431 420 555 488 ποιέετε
579 423 690 486 δίκαια
712 418 765 486 ἐπὶ
787 423 865 496 τοὺς
887 418 1027 505 πατέρας
1049 423 1228 504 στρατευό-
1323 435 1324 450 ’

221 553 315 614 μενοι
333 527 387 594 καὶ
404 530 466 612 τὴν
479 525 621 594 Ἑλλάδα
638 528 952 612 καταδουλούμενοι.
984 526 1067 590 ἀλλά
1083 527 1227 609 μάλιστα

221 633 282 718 μὲν
309 636 390 719 πρὸς
416 634 527 720 ἡμέων
553 637 702 718 γίνεσθε·
735 635 766 698 εί
792 629 829 697 δὲ
856 632 944 715 ὑμῖν
964 631 1032 696 ἐστι
1058 640 1156 697 τοῦτο
1180 634 1226 716 μὴ
1323 615 1324 648 ³

223 743 367 807 δυνατὸν
393 750 543 824 ποιῆσαι,
571 740 664 824 ὑμεῖς
688 735 725 804 δέ
748 741 795 804 έτι
817 736 871 802 καὶ
894 746 958 803 νῦν
981 736 1017 802 ἐκ
1039 746 1100 804 τοῦ
1122 737 1227 822 μέσου
1323 801 1324 822 ρ

221 848 301 932 ἡμῖν
324 847 436 926 ἕζεσθε
458 845 513 912 καὶ
536 844 631 911 αὐτοὶ
649 843 703 910 καὶ
721 855 788 909 τῶν
806 848 930 929 Καρῶν
949 843 1068 909 δέεσθε
1085 845 1126 909 τά
1144 845 1228 910 αὑτά

221 955 301 1038 ὑμῖν
319 952 458 1020 ποιέειν·
477 954 508 1018 εί
526 948 563 1018 δέ
581 950 762 1035 μηδέτερον
782 951 909 1016 τούτων
923 943 997 1016 οἷόν
1010 974 1046 1016 τε
1059 954 1226 1034 γίνεσθαι,
1323 969 1324 998 ¹

222 1057 293 1126 ἀλλ’
316 1054 373 1130 ὑπ’
395 1058 573 1141 ἀναγκαίης
591 1057 726 1142 μέζονος
744 1056 937 1141 κατέζευχθε
956 1056 976 1140 ἢ
996 1058 1078 1122 ὥστε
1093 1057 1227 1123 ἀπίστα-
1323 1079 1324 1144 J

221 1173 315 1248 σθαι,
338 1165 431 1249 ὑμεῖς
453 1161 491 1229 δέ
514 1164 551 1230 έν
573 1173 618 1252 τῷ
642 1167 738 1252 ἔργω,
763 1164 861 1229 έπεάν
884 1167 1131 1248 συμμίσγωμεν,
1155 1164 1228 1230 έθε-
1323 1175 1324 1214 ἰ

221 1270 401 1354 λοκακέετε,
425 1269 628 1354 μεμνημένοι
651 1272 701 1336 ὅτι
724 1267 778 1334 ἀπ’
800 1268 911 1354 ἡμέων
929 1273 1086 1354 γεγόνατε
1103 1268 1158 1335 καὶ
1178 1272 1229 1336 ὅτι
1323 1295 1324 1302 “

222 1379 370 1463 ἀρχῆθεν
392 1377 412 1460 ἡ
436 1379 541 1460 ἔχθρη
563 1378 646 1462 πρὸς
667 1378 727 1442 τὸν
749 1377 921 1462 βάρβαρον
940 1374 995 1442 ἀπ’
1016 1377 1129 1462 ὑμέων
1147 1377 1229 1461 ἡμῖν
1323 1367 1324 1372 ¹

222 1486 347 1571 γέγονε.
390 1482 628 1566 Θεμιστοκλέης
652 1479 689 1548 δὲ
711 1492 814 1548 ταῦτα
836 1485 971 1567 ἔγραφε,
995 1483 1124 1549 δοκέειν
1144 1482 1229 1567 έμοί,

223 1589 273 1658 ἐπ’
308 1591 478 1674 ἀμφότερα
508 1587 630 1671 νοέων,
665 1589 721 1654 ἵνα
752 1589 773 1672 ἢ
805 1591 955 1654 λαθόντα
984 1590 1025 1653 τά
1055 1589 1230 1674 γράμματα

223 1695 359 1782 βασιλέα
382 1693 500 1772 Ἴωνας
522 1697 643 1781 ποιηση
667 1698 862 1779 μεταβαλεῖν
889 1693 945 1760 καὶ
966 1693 1124 1778 γενέσθαι
1146 1696 1230 1779 πρὸς

224 1803 367 1884 ἑωυτῶν,
386 1801 406 1886 ἢ
425 1802 529 1866 έπείτε
547 1801 724 1886 ἀνενειχθῇ
742 1799 798 1866 καὶ
815 1803 982 1886 διαβληθῇ
995 1802 1078 1885 πρὸς
1090 1800 1229 1885 Ξέρξην,
1323 1777 1324 1822 ³

223 1909 381 1984 ἀπίστους
394 1911 514 1994 ποιήσῃ
528 1906 730 1984 τοὺςἼωνας
743 1905 797 1972 καὶ
809 1917 877 1972 τῶν
886 1907 1096 1992 ναυμαχιέων
1107 1907 1231 1984 αὐτοὺς
1323 1915 1324 1994 ζ

171 2025 204 2078 κε
224 2016 360 2100 ἀπόσχη.
385 2013 622 2099 Θεμιστοκλέης
632 2010 693 2098 μὲν
705 2022 809 2079 ταῦτα
819 2012 993 2096 ἐνέγραψε·
1007 2023 1093 2078 τοῖσι
1103 2009 1140 2077 δέ
1148 2015 1230 2097 βαρ-

225 2123 357 2206 βάροισι
375 2121 491 2186 αὐτίκα
510 2121 590 2203 μετά
607 2129 710 2186 ταῦτα
727 2121 831 2205 πλοίῳ
850 2114 935 2201 ἦλθε
958 2117 1044 2203 ἀνὴρ
1057 2114 1231 2196 Ἱστιαιεὺς

225 2227 393 2310 ἀγγέλλων
411 2227 470 2292 τὸν
490 2226 638 2311 δρησμὸν
657 2228 716 2292 τὸν
735 2222 789 2290 ἀπ’
810 2219 1017 2308 Ἀρτεμισίου
1035 2235 1102 2290 τῶν
1116 2221 1231 2308 Ἑλλή·

224 2357 303 2398 νων.
349 2332 384 2396 οί
409 2328 441 2396 δ’
471 2329 526 2396 ὑπ’
557 2332 706 2415 ἀπιστίης
732 2333 792 2396 τὸν
819 2327 879 2416 μέν
907 2329 1109 2414 ἀγγέλλοντα
1139 2326 1231 2416 εἶχον
1323 2407 1324 2416 ¹

226 2438 263 2504 έν
281 2443 423 2522 φυλακῇ,
441 2435 518 2514 νέας
536 2434 573 2502 δὲ
586 2435 701 2521 ταχέας
714 2436 909 2504 ἀπέστειλαν
922 2436 1231 2525 προκατοψομένας·

225 2543 493 2627 ἀπαγγειλάντων
521 2539 558 2608 δέ
580 2545 708 2609 τούτων
730 2547 770 2610 τά
791 2541 851 2629 ἦν,
881 2545 967 2610 οὑτω
991 2546 1032 2629 δη
1056 2545 1123 2628 ἅμα
1145 2543 1230 2632 ηλίω
1323 2537 1324 2540 “

226 2648 433 2737 σκιδναμένῳ
452 2657 539 2714 πάσα
558 2649 578 2733 ἡ
597 2651 731 2735 στρατιὴ
750 2650 883 2718 ἐπέπλεε
901 2651 982 2735 ἁλὴς
1000 2649 1052 2716 ἐπὶ
1069 2652 1107 2715 τὸ
1123 2647 1231 2734 Ἀρτε-
1323 2707 1324 2718 ,

226 2761 347 2842 μίσιον.
385 2756 572 2840 ἐπισχόντες
596 2753 633 2822 δὲ
656 2756 816 2844 ἐντούτῳ
835 2765 879 2844 τῷ
898 2757 994 2844 χώρῳ
1013 2756 1108 2840 μέχρι
1126 2755 1230 2840 μέσου
1323 2783 1324 2824 ι

225 2861 358 2949 ἡμέρης,
376 2863 414 2928 τὸ
433 2861 496 2926 ἀπὸ
514 2862 635 2926 τούτου
654 2864 771 2926 ἔπλεον
789 2861 822 2938 ές
835 2857 1002 2943 Ἱστιαίην.
1037 2861 1231 2944 ἀπικόμενοι
1312 2913 1324 2962 ιι

227 2967 264 3036 δέ
285 2971 347 3055 τὴν
374 2971 471 3035 πόλιν
497 2969 595 3052 ἔσχον
618 2977 685 3032 τῶν
702 2963 882 3032 Ἱστιαιέων
905 2964 959 3031 καί
981 2975 1039 3050 τῆς
1057 2964 1230 3050 Ἐλλοπίης
1289 2961 1293 2968 ’

228 3081 357 3163 μοίρης,
385 3084 445 3158 γῆς
473 3070 509 3139 δέ
536 3083 594 3157 τῆς
617 3070 850 3148 Ἱστιαιώτιδος
872 3072 930 3148 τάς
952 3075 1231 3157 παραθαλασσίας

175 3201 209 3250 ει
228 3183 337 3266 κώμας
359 3181 466 3256 πάσας
488 3180 682 3266 ἐπέδραμον.
726 3179 872 3244 ἐνθαῦτα
895 3173 932 3243 δέ
954 3177 1083 3243 τούτων
1106 3176 1231 3243 ἐόντων

228 3285 350 3368 Ξέρξης
382 3285 636 3369 ἑτοιμασάμενος
666 3284 706 3350 τδι
737 3281 813 3370 περὶ
839 3285 918 3362 τοὺς
944 3285 1083 3370 νεκροὺς
1111 3287 1231 3370 ἔπεμπε

229 3391 262 3468 ές
289 3391 347 3456 τὸν
379 3391 537 3455 ναυτικὸν
564 3391 706 3474 στρατὸν
732 3393 868 3476 κήρυκα.
905 3389 1166 3475 προετοιμάσατο
1195 3386 1231 3455 δέ

228 3497 319 3562 τάδε·
352 3495 425 3560 ὅσοι
451 3503 512 3559 τοῦ
539 3505 680 3574 στρατοῦ
707 3505 767 3561 τοῦ
794 3494 919 3562 ἑωυτοῦ
946 3491 1031 3579 ἦσαν
1058 3493 1172 3576 νεκροὶ
1195 3495 1232 3562 έν
