2640 3960
407 241 476 296 ιιε.
497 239 543 296 οι.
581 242 658 298 οΑΡ.
679 249 800 298 εο-εε,
870 214 873 222 ’
1066 245 1107 306 81

99 384 161 469 μέν
185 409 251 450 νυν
278 383 332 450 καὶ
361 387 396 450 οί
422 385 548 471 πέρηθε
576 387 800 471 Καλχηδόνιοι
826 383 903 456 ,οὐδ’
929 386 1109 472 ὑπέμειναν

100 489 316 567 ἐπιπλέοντας
338 493 417 568 τοὺς
442 495 610 574 Φοίνικας,
634 489 708 557 ἀλλ’
735 498 866 576 οίχοντο
895 493 1109 570 ἀπολιπόντες

99 598 161 680 τήν
185 595 350 683 σφετέρην
374 600 437 662 ἔσω
467 597 500 674 ἐς
526 599 586 662 τὸν
615 596 777 676 Εὔξεινον
805 601 944 681 πόντον,
975 597 1029 664 καὶ
1057 598 1108 664 έν-

99 708 211 766 θαῦτα
243 705 341 768 πόλιν
375 706 596 789 Μεσαμβρίην
630 709 781 786 οίκησαν·
818 705 853 769 οί
883 701 919 770 δὲ
956 707 1109 782 Φοίνικες

100 809 366 886 κατακαύσαντες
395 811 515 887 ταύτας
544 811 602 885 τὰς
630 811 739 894 χώρας
768 811 825 888 τάς
854 813 1109 894 καταλεχθείσας

100 918 281 998 τράπονται
305 899 361 979 ἐπί
379 938 414 980 τε
439 918 680 1000 Προκόννησον
702 914 757 980 καὶ
777 913 946 1000 Ἀρτάκην,
968 913 1049 1000 πυρὶ
1072 913 1109 981 δέ

100 1017 156 1084 καὶ
178 1021 299 1096 ταύτας
321 1023 494 1104 νείμαντες
516 1023 633 1086 ἔπλεον
652 1016 745 1098 αὖτις
763 1022 796 1099 ἐς
815 1023 876 1106 τήν
894 1025 1109 1106 Χερσόνησον

101 1123 330 1209 ἐξαιρήσοντες
359 1127 415 1203 τάς
442 1126 631 1204 ἐπιλοίπους
657 1137 725 1192 τῶν
752 1131 889 1212 πολίων,
922 1129 1001 1204 ὅσας
1031 1129 1109 1212 πρό·

99 1254 199 1316 τερον
221 1234 444 1317 προσσχόντες
468 1231 508 1297 οὐ
530 1232 723 1319 κατέσυραν.
747 1231 799 1305 ἐπὶ
827 1230 864 1298 δὲ
886 1234 1031 1312 Κύζικον
1054 1233 1109 1298 οὐ·

101 1335 138 1401 δέ
162 1339 314 1402 ἔπλωσαν
338 1337 458 1424 άρχήν·
482 1336 577 1403 αὐτοὶ
599 1341 662 1424 γάρ
685 1337 865 1422 Κυζικηνοὶ
882 1341 931 1404 ἔτι
948 1341 1109 1424 πρότερον

99 1450 161 1506 τοῦ
197 1446 364 1508 Φοινίκων
398 1443 540 1509 ἐσπλόου
572 1443 769 1528 ἐγεγόνεσαν
800 1445 864 1510 ὑπὸ
897 1443 1027 1528 βασιλέι·
1053 1447 1109 1510 Ol-

101 1547 199 1632 όάρει·
214 1556 260 1636 τῷ
279 1551 480 1633 Μεγαβάζου
499 1549 770 1634 ὁμολογήσαντες,
793 1559 839 1638 τῷ
858 1551 895 1616 ἐν
913 1555 1108 1638 Δασκυλείου

11 1711 12 1716 ,
100 1653 248 1741 ὑπάρχῳ.
272 1665 328 1738 της
347 1652 384 1720 δὲ
402 1658 628 1741 Χερσονήσου,
647 1657 733 1740 πλήν
747 1658 897 1742 Καρδίης
909 1660 1034 1740 πόλιος,
1052 1658 1110 1734 τὰς

100 1761 204 1836 άλλας
227 1761 332 1838 πάσας
350 1761 567 1847 ἐχειρώσαντο
591 1763 626 1827 oc
649 1767 809 1840 Φοίνικες.

189 1862 406 1951 Ἐτυράννευε
435 1864 473 1932 δὲ
500 1866 627 1933 αὐτέων
654 1867 749 1953 μέχρι
775 1871 849 1934 τότε
875 1868 1062 1950 Μιλτιάδης
1090 1868 1165 1940 δεε

102 1973 258 2054 Κίμωνος
275 1981 336 2037 τοῦ
354 1977 587 2058 Στησαγόρεω,
606 1972 813 2057 κτησαμένου
830 1975 891 2056 τήν
910 1973 1014 2058 ἀρχήν
1032 1975 1109 2040 ταύ-

100 2098 163 2159 την
186 2079 348 2163 πρότερον
371 2080 563 2144 Μιλτιάδεω
585 2087 645 2143 τοῦ
668 2078 827 2156 Κυψέλου
849 2081 959 2166 τρόπω
978 2081 1109 2166 τοιῷδε·

101 2177 193 2266 εἶχον
208 2185 376 2266 Δόλογκοι
391 2187 530 2269 Θρήικες
548 2186 609 2268 τήν
628 2187 843 2270 Χερσόνησον
861 2185 992 2268 ταύτην.
1016 2182 1109 2252 οὗτοι

101 2283 151 2352 ὧν
176 2288 212 2352 οί
232 2291 400 2372 Δόλογκοι
422 2289 614 2367 πιεσθέντες
636 2289 768 2378 πολέμῳ
792 2289 857 2355 ὑπὸ
872 2284 1056 2368 Ἀψινθίων
1075 2293 1108 2370 ἐς

100 2397 259 2478 Δελφοὺς
288 2397 437 2479 έπεμψαν
463 2399 542 2473 τοὺς
573 2396 729 2480 βασιλέας
762 2395 837 2482 περὶ
871 2407 931 2462 τοῦ
962 2397 1108 2485 πολέμου

100 2497 336 2584 χρησομένους.
350 2500 370 2584 ἡ
386 2498 423 2566 δέ
434 2505 550 2584 Πυθίη
568 2519 628 2586 σφι
642 2498 752 2568 άνεῐλε
766 2505 914 2587 οίκιστήν
927 2503 1109 2588 ἐπάγεσθαι

100 2603 154 2670 ἐπὶ
177 2605 238 2688 τήν
262 2607 373 2692 χώρην
395 2617 515 2673 τοῦτον
538 2607 575 2684 ὃς
602 2609 644 2674 άν
671 2624 774 2692 σφεας
801 2609 958 2686 ἀπιόντας
985 2610 1020 2676 ἐκ
1047 2595 1108 2676 τοῦ

100 2711 178 2796 ἱροῦ
200 2723 329 2796 πρῶτος
352 2710 404 2777 ἐπὶ
423 2713 525 2792 ξείνια
549 2713 678 2800 καλέση.
703 2717 807 2791 ίόντες
830 2713 866 2781 δὲ
890 2717 925 2780 οί
940 2718 1108 2798 Δόλογκοι

99 2818 162 2900 τήν
186 2818 262 2902 ίρήν
281 2817 362 2883 ὁδὸν
382 2819 437 2883 διά
458 2818 602 2884 Φωκέων
620 2842 655 2885 τε
673 2819 728 2885 καὶ
746 2825 902 2886 Βοιωτῶν
920 2822 1031 2902 ήισαυ·
1054 2823 1112 2887 καί

100 2939 206 3006 σφεας
229 2924 273 3000 ὡς
292 2922 403 3000 οὐδεὶς
421 2924 542 3009 ἐκάλεε,
567 2926 782 3011 ἐκτράπουται
801 2921 851 2990 ἐπ’
869 2923 1047 3007 Ἀθηνέων.
1072 2927 1108 2991 ἐν
1127 2948 1160 2996 35

99 3026 138 3094 δὲ
160 3038 237 3114 τῇσι
261 3026 422 3114 Ἀθήνησι
448 3040 627 3114 τηνικαῦτα
654 3027 719 3116 εἶχε
746 3029 807 3115 μέν
833 3033 871 3096 τὸ
899 3040 964 3095 πάν
990 3031 1108 3116 κράτος

100 3138 356 3220 Πεισίστρατος,
390 3135 470 3222 άτάρ
504 3136 705 3202 ἐδυνάστευέ
732 3160 771 3220 γε
798 3135 853 3202 καὶ
880 3137 1107 3220 Μιλτιάδηςδ

100 3240 272 3323 Κυψέλου,
291 3241 409 3306 ἐὼνί
375 3245 479 3326 οκίης
492 3245 795 3328 τεθριπποτρόφου,
815 3264 854 3306 τα
843 3239 929 3326 μὲν
944 3242 1107 3310 άνέκαθεν
1168 3247 1173 3267 ’

99 3344 214 3413 ἀπἰί
181 3350 312 3413 Αἰακοῦ
341 3370 377 3412 τε
403 3346 458 3412 καί
480 3351 622 3432 Αἰγίνης
643 3349 804 3432 γεγονώς,
836 3349 876 3412 τδι
905 3346 941 3414 δὲ
963 3351 1107 3436 νεώτερα

98 3451 293 3538 Ἀθηναῖος,
327 3457 468 3519 Φιλαίου
494 3463 556 3519 τοῦ
583 3461 727 3532 Αίαντος
759 3456 892 3537 παιδός,
924 3457 1107 3541 γενομένου

152 3568 176 3608 Η
177 3577 252 3609 nnnnn
266 3567 300 3606 Π.
879 3566 894 3615 6
