2632 3970
175 244 241 309 370
587 241 774 299 HERODOTI

122 403 157 452 90
265 381 371 462 Οὑτος
398 382 459 470 μὲν
487 385 575 451 οὑτω
602 385 804 469 ἀπενόστησε
826 384 860 462 ές
885 385 946 468 τὴν
965 381 1093 466 Ἀσίην·
1122 389 1180 465 τῆς

175 488 214 556 δὲ
236 491 336 574 αὐτῆς
357 489 481 577 ἡμέρης
502 499 560 575 τῆς
576 512 639 577 περ
662 490 698 557 έν
716 496 902 575 Πλαταιῇσι
923 491 961 556 τὸ
979 498 1093 573 τρῶμα
1111 484 1181 570 έγέ-

175 617 261 678 νετο,
285 597 489 682 συνεκύρησε
507 593 738 680 γενέσθαικαὶ
757 596 793 662 έν
811 596 954 681 Μυκάλη
972 603 1030 678 τῆς
1043 590 1181 675 Ἰωνίης.
1295 603 1296 614 ’

176 699 288 785 ἐπειδὴ
308 705 372 789 γὰρ
390 703 428 768 έν
444 710 485 787 τῇ
502 705 604 790 Δήλῳ
621 700 759 768 κατέατο
777 702 813 767 οί
824 700 982 784 Ἓλληνες
999 700 1035 765 οί
1050 698 1087 764 έν
1103 707 1183 783 τῇσι

176 804 277 889 νηυσὶ
308 808 374 892 ἅμα
402 808 590 892 Λευτυχίδη
621 815 667 894 τῷ
695 808 948 894 Λακεδαιμονίῳ
976 804 1182 889 ἀπικόμενοι,
1296 799 1297 802 '

176 905 285 994 ἦλθόν
317 927 379 998 σφι
411 914 546 996 ἀγγελοι
576 912 640 978 ἀπὸ
667 913 785 998 Σάμου
813 913 961 998 Λάμπων
988 933 1023 976 τε
1052 913 1181 996 Θρασυ·

177 1014 271 1093 κλέος
305 1015 361 1082 καὶ
392 1015 622 1103 Ἀθηναγόρης
655 1015 929 1103 Ἀρχεστρατίδεω
965 1013 1020 1080 καὶ
1046 1012 1183 1099 Ἡγησί-

177 1137 316 1206 στρατος
330 1118 580 1208 Ἀρισταγόρεω,
603 1120 811 1207 πεμφθέντες
828 1122 894 1188 ὑπὸ
913 1122 1052 1205 Σαμίων
1070 1120 1183 1206 λάθρη
1298 1097 1299 1130 ὑ

176 1236 244 1291 τῶν
270 1249 306 1292 τε
328 1224 487 1312 Περσέων
513 1225 569 1292 καὶ
595 1235 656 1292 τοῦ
678 1227 846 1312 τυράννου
871 1228 1100 1310 Θεομήστορος
1119 1234 1184 1291 τοῦ

174 1328 475 1416 Ἀνδροδάμαντος,
502 1334 562 1398 τὸν
585 1331 789 1416 κατέστησαν
811 1331 930 1416 Σάμου
956 1331 1126 1416 τύραννον
1148 1330 1185 1396 οί

178 1433 315 1522 Πέρσαι.
360 1437 571 1503 ἐπελθόντων
599 1435 638 1502 δέ
659 1452 772 1520 σφεων
799 1435 852 1502 ἐπὶ
878 1438 957 1513 τοὺς
979 1437 1183 1521 στρατηγοὺς

179 1543 269 1623 ἔλεγε
286 1536 546 1626 Ἡγησίστρατος
567 1543 673 1607 πολλά
690 1540 745 1608 καί
762 1550 912 1623 παντοία,
931 1540 976 1618 ὡς
993 1541 1036 1625 ἢν
1054 1551 1183 1626 μοῦνον

180 1647 317 1711 ἴδωνται
339 1645 461 1723 αύτοὺς
483 1647 519 1711 οί
529 1644 644 1724 Ἴωνες
666 1647 908 1729 ἀποστήσονται
930 1644 993 1711 ἀπὸ
1012 1643 1182 1732 Περσέων,
1301 1681 1302 1684 “

178 1749 234 1817 καὶ
256 1752 301 1829 ὡς
324 1751 359 1816 οί
378 1751 541 1838 βάρβαροι
564 1751 626 1817 οὑκ
649 1750 884 1836 ὑπομενέουσι·
914 1749 957 1834 ἢν
981 1748 1018 1817 δέ
1039 1749 1096 1816 καὶ
1118 1753 1183 1836 ἄρα

179 1857 399 1941 ὑπομείνωσι,
432 1856 494 1922 οὑκ
525 1855 640 1942 ἑτέρην
672 1858 778 1941 ἄγρην
809 1855 967 1938 τοιαύτην
999 1855 1110 1942 εὑρεῖν
1140 1855 1184 1920 ἀν

179 1962 317 2039 αύτούς·
335 1962 438 2038 θεούς
450 1983 486 2026 τε
503 1964 638 2038 κοινοὺς
656 1959 848 2027 ἀνακαλέων
865 1957 1050 2047 προέτραπε
1063 1961 1185 2038 αύτοὺς

180 2066 350 2152 ῥύσασθαι
367 2068 492 2154 ἀνδρας
501 2065 664 2151 Ἕλληνας
677 2066 713 2132 ἐκ
728 2067 934 2150 δουλοσύνης
946 2064 1003 2131 ιωιὶ
1016 2065 1186 2152 ἀπαμῦναι

180 2173 239 2237 τὸν
266 2173 446 2258 βάρβαρον.
492 2171 623 2249 εὐπετές
649 2195 684 2237 τε
712 2172 842 2237 αὑτοῖσι
873 2174 937 2256 ἔφη
967 2179 1070 2236 ταῦτα
1096 2174 1184 2255 γίνε-

181 2283 275 2340 σθαι·
302 2278 360 2352 τάς
381 2299 417 2341 τε
443 2279 506 2361 γάρ
533 2276 611 2354 νέας
639 2277 749 2342 αὐτῶν
775 2286 882 2354 κακῶς
909 2274 1021 2342 πλέειν
1045 2275 1187 2344 καὶούκ

182 2379 378 2464 ἀξιομάχους
395 2383 535 2446 κείνοισι
553 2377 647 2447 εἶναι.
689 2382 787 2448 αὑτοί
801 2403 846 2465 τε,
866 2387 899 2448 εί
912 2404 945 2446 τι
962 2382 1187 2449 ὑποπτεύουσι

182 2486 225 2570 μη
245 2486 332 2572 δόλῳ
352 2485 474 2562 αύτοὺς
491 2488 681 2572 προάγοιεν,
700 2486 824 2572 ἕτοιμοι
842 2481 928 2553 εἶναι
943 2487 980 2553 έν
992 2495 1068 2572 τῇσι
1086 2487 1187 2572 νηυσὶ

129 2610 162 2660 91
182 2597 257 2675 τησι
279 2588 414 2654 ἐκείνων
437 2588 595 2673 ἀγόμενοι
618 2592 736 2677 ὅμηροι
755 2585 849 2656 εἶναι.
886 2591 931 2668 ὡς
949 2588 986 2658 δὲ
1003 2594 1127 2671 πολλὸς
1143 2590 1187 2678 ἦν

183 2697 377 2780 λισσόμενος
398 2694 417 2760 ό
441 2693 547 2774 ξείνας
569 2695 588 2761 ό
607 2697 744 2782 Σάμιος,
764 2702 868 2780 είρετο
887 2699 1103 2782 Λευτυχίδης,
1122 2704 1188 2765 είτε

182 2803 345 2886 κληδόνος
363 2800 488 2866 εἵνεκεν
505 2800 617 2867 θέλων
635 2800 806 2867 πυθέσθαι
819 2807 884 2868 είτε
901 2800 1052 2868 καὶκατὰ
1067 2820 1187 2871 συντυ-

183 2910 259 2990 χίην
277 2913 362 2973 θεοῦ
375 2914 562 2983 ποιεῦντος·
580 2897 618 2970 Ὠ
632 2907 717 2986 ξεῖνε
735 2906 851 2991 Σάμιε,
870 2909 905 2971 τί
919 2929 972 2972 τοι
984 2909 1023 2973 τὸ
1042 2909 1185 2994 οὕνομας
1303 2925 1304 2929 ’

184 3013 202 3078 ό
218 3010 255 3078 δέ
268 3007 350 3079 εἷπε·
365 3009 631 3098 Ἡγησίστρατος.
657 3013 675 3078 ὁ
690 3009 727 3078 δὲ
741 3013 937 3097 ὑπαρπάσας
945 3014 1005 3079 τὸν
1015 3013 1187 3081 ἐπίλοιπον

183 3120 299 3200 λόγον,
327 3123 361 3184 εί
378 3140 453 3183 τινα
481 3119 612 3204 ὥρμητο
635 3117 743 3202 λέγειν
767 3118 784 3184 ὁ
804 3115 1076 3205 Ἡγησίστρατος,
1103 3116 1187 3187 εἶπε·

183 3222 332 3308 Δέκομαι
348 3225 408 3289 τὸν
422 3225 546 3289 οίωνδν
561 3225 633 3306 [τὸν
646 3224 912 3310 ἡγησίστρατον],
932 3220 958 3289 ὦ
973 3223 1057 3304 ξεῖνε
1071 3227 1186 3311 Σάμιε.

184 3330 227 3394 σὺ
251 3325 288 3393 δὲ
310 3329 389 3413 ὑμῖν
411 3331 503 3394 ποίεε
526 3329 609 3406 ὅκως
627 3330 726 3406 αὑτός
743 3352 778 3394 τε
797 3331 877 3406 δούς
895 3333 1006 3395 πίστιν
1025 3330 1188 3397 ἀποπλεύ-

184 3449 256 3497 σεαι
278 3430 335 3501 καὶ
357 3432 393 3497 οἱ
413 3435 476 3498 σὺν
500 3431 553 3498 σοὶ
576 3434 684 3511 ἐόντες
707 3434 787 3514 οἵδε,
809 3429 831 3517 ἧ
853 3431 914 3519 μὲν
937 3438 1087 3522 Σαμίους
1108 3436 1188 3520 ἡμῖν
