2678 3970
410 268 477 323 ΜΒ.
493 270 553 324 vn.
591 270 667 324 cAP.
688 277 822 338 ιι-ιο.ι
1050 272 1115 338 175

108 412 382 498 περιβεβλημένοι
409 417 572 496 ποικίλας,
606 412 680 498 περὶ
704 410 741 480 δέ
767 417 846 491 τοὺς
868 417 972 492 πόδας
997 439 1033 482 τε
1060 415 1115 484 καλ

108 519 166 593 τὰς
191 520 317 603 κνήμας
344 516 461 584 πέδιλα
489 523 632 603 νεβρῶν,
660 521 743 604 πρὸς
770 517 807 612 δέ
836 520 970 586 ἀκόντιά
999 545 1033 588 τε
1059 521 1114 588 καί

108 623 227 700 πέλτας
248 623 304 690 καλ
328 624 506 710 ἐγχειρίδια
529 627 658 710 σμικρά.
690 621 783 696 οὗτοι
806 623 843 692 δέ
863 627 1036 710 διαβάντες
1053 625 1114 712 μὲν

110 729 143 805 ἐς
174 730 235 812 τήν
264 724 376 813 Ἀσίην
409 731 599 814 ἐκλήθησαν
630 735 791 815 Βιθυνοί,
823 733 861 798 τὸ
889 729 926 798 δέ
952 714 1114 819 πρότερον

109 834 298 918 ἐκαλέοντο,
331 837 375 913 ὡς
403 835 498 902 αὐτοὶ
525 835 674 920 λέγουσι,
703 840 923 923 Στρυμόνιοι,
953 837 1115 916 οίκέοντες

109 939 163 1006 ἐπὶ
194 945 379 1028 Στρυμόνι·
416 941 633 1027 ἐξαναστῆναι
663 943 702 1009 δέ
732 960 815 1028 φασι
847 943 880 1022 ἐξ
907 943 1021 1028 ήθέων
1049 945 1114 1011 ὑπὸ

113 1051 268 1133 Τευκρῶν
290 1071 325 1114 τε
347 1047 402 1113 καὶ
420 1053 560 1114 Μυσῶν.
598 1053 751 1135 Θρηίκων
772 1039 809 1115 δέ
827 1059 894 1116 τῶν
913 1049 950 1116 ἐν
968 1059 1006 1135 τῇ
1022 1047 1113 1137 Ἀσίη

108 1149 188 1238 ήρχε
210 1155 384 1238 Βασσάκης
407 1154 425 1220 δ
445 1153 649 1241 Ἀρταβάνου
669 1203 787 1222 ......
810 1155 950 1234 ἀσπίδας
974 1154 1011 1223 δέ
1030 1157 1114 1242 ὠμο-
1134 1177 1166 1226 σσ

109 1263 224 1342 βοίνας
247 1255 337 1345 εἶχον
360 1262 507 1345 σμικράς,
531 1259 586 1327 καί
609 1264 796 1346 προβόλους
819 1263 880 1328 δύο
904 1261 1114 1347 λυκιοεργέας

109 1365 244 1442 ἕκαστος
276 1361 356 1451 εἶχε,
387 1365 439 1432 ἐπὶ
473 1365 510 1433 δὲ
540 1376 616 1452 τῇσι
644 1373 806 1453 κεφαλῇσι
833 1368 955 1453 κράνεα
982 1369 1113 1453 χάλκεα·

109 1473 191 1556 πρὸς
213 1467 250 1538 δέ
272 1483 359 1538 τοῖσι
381 1473 516 1559 κράνεσι
540 1469 605 1538 ὦτά
627 1497 662 1538 τε
684 1472 739 1539 καὶ
766 1473 862 1559 κέρεα
884 1484 1014 1561 προσῆν
1036 1475 1115 1559 βοὸς

109 1578 242 1661 χάλκεα,
270 1579 394 1662 ἐπῇσαν
423 1575 460 1645 δέ
486 1577 540 1644 καὶ
563 1583 677 1662 λόφοι·
708 1583 765 1656 τὰς
793 1576 830 1645 δέ
852 1565 985 1664 κνήμας
1002 1580 1113 1666 ῥάκεσι

110 1684 309 1767 φοινικέοισι
339 1689 551 1769 κατειλίχατο.
598 1685 634 1750 ἐν
666 1687 814 1751 τούτοισι
849 1697 936 1750 τοῖσι
973 1685 1114 1772 ἀνδράσι

110 1787 225 1875 ’Ἁρεός
243 1789 311 1855 ἐστι
330 1793 538 1876 χρηστήριον.
579 1789 743 1874 Καβηλέες
762 1788 799 1857 δέ
817 1791 853 1856 οί
868 1795 1028 1875 Μηίονες,
1047 1797 1114 1856 Λα·
1134 1812 1165 1860 τι

9 1933 15 1959 ι
110 1897 218 1960 σόνιοι
241 1893 278 1962 δέ
300 1898 508 1980 καλεύμενοι,
531 1898 592 1980 τήν
616 1897 720 1980 αὐτήν
738 1895 849 1974 Κίλιξι
872 1893 962 1981 εἶχον
981 1901 1113 1980 σκευήν,

108 2002 169 2084 τήν
193 2001 269 2085 ἐγώ,
293 2002 391 2067 έπεάν
410 2003 491 2067 κατδι
508 2003 569 2085 τήν
587 2005 735 2068 Κιλίκων
753 2001 846 2079 τάξιν
865 2001 995 2080 διεξιὼν
1013 2003 1114 2086 γένω·

109 2130 177 2190 μαι,
213 2109 285 2171 τότε
317 2106 479 2191 σημανέω.
530 2108 660 2172 Μιλύαι
693 2105 729 2172 δὲ
761 2108 878 2192 αἰχμάς
908 2131 943 2175 τε
975 2109 1115 2194 βραχέας

109 2207 200 2296 εἶχον
222 2210 277 2276 καὶ
301 2213 415 2296 εἵματα
439 2211 711 2297 ἐνεπεπορπέατο·
735 2207 825 2298 εἶχον
849 2211 885 2278 δέ
908 2213 1019 2280 αὐτῶν
1037 2214 1114 2294 τόξα

108 2317 308 2402 μετεξέτεροι
330 2319 455 2402 Λύκια,
483 2317 558 2404 περὶ
587 2315 623 2384 δὲ
645 2328 719 2403 τῇσι
746 2324 909 2404 κεφαλῇσι
936 2320 971 2386 ἐκ
995 2322 1113 2405 διφθε-

108 2423 196 2509 ρέων
222 2423 443 2507 πεποιημένας
470 2424 596 2501 κυνέας.
642 2425 769 2491 τούτων
791 2426 925 2491 πάντων
947 2422 1026 2511 ἦρχε
1049 2427 1113 2492 Βά-

13 2569 15 2574 -
108 2532 191 2616 δρης
214 2529 232 2596 ὁ
250 2526 429 2608 Ὑστάνεος.
465 2532 598 2615 Μόσχοι
621 2527 658 2596 δέ
680 2529 754 2618 περὶ
777 2528 838 2616 μέν
860 2541 934 2618 τῇσι
953 2538 1114 2617 κεφαλῇσι
1133 2550 1165 2600 78

107 2632 228 2712 κυνέας
251 2634 385 2713 ξυλίνας
408 2631 507 2721 εἶχον,
532 2635 672 2713 ἀσπίδας
695 2633 732 2702 δέ
753 2635 809 2702 καί
827 2639 944 2722 αἰχμάς
962 2640 1113 2722 σμικράς·

109 2744 224 2826 λόγχαι
238 2737 276 2807 δέ
290 2741 415 2825 ἐπῇσαν
429 2743 574 2827 μεγάλαι.
616 2741 796 2828 Τιβαρηνοὶ
812 2740 848 2810 δὲ
861 2742 916 2809 καί
929 2744 1114 2827 Μάκρωνες

109 2845 163 2911 καὶ
177 2847 409 2912 Μοσσύνοικοι
426 2847 508 2912 κατά
526 2869 586 2933 περ
601 2850 734 2932 Μόσχοι
753 2846 987 2933 ἐσκευασμένοι
1001 2848 1114 2932 ἐστρα·

9 2973 11 3000 ι
108 2954 255 3018 τεύοντο.
300 2953 438 3030 τούτους
462 2949 499 3018 δέ
522 2951 726 3018 συνέτασσον
749 2955 905 3038 ἄρχοντες
927 2953 1012 3035 οἵδε,
1040 2955 1113 3018 Μό-

109 3079 210 3142 σχους
238 3054 299 3142 μέν
321 3056 375 3124 καὶ
402 3060 609 3144 Τιβαρηνοὺς
629 3055 844 3143 Ἀριόμαρδος
867 3057 884 3123 ὁ
908 3061 1056 3141 Δαρείου
1078 3081 1113 3124 τε

108 3175 185 3241 παῖς
203 3161 258 3228 καὶ
272 3164 432 3249 Πάρμυος
449 3172 507 3247 τῇς
520 3163 686 3247 Σμέρδιος
703 3171 764 3228 τοῦ
779 3164 906 3248 Κύρου,
924 3163 1114 3249 Μάκρωνας

110 3266 147 3334 δέ
170 3267 224 3334 καὶ
242 3272 500 3344 Μοσσυνοίκους
519 3262 715 3351 Ἀρταΰκτης
738 3267 971 3354 δΧοράσμιος,
991 3269 1027 3346 ὃς
1045 3276 1113 3355 Ση-

110 3377 190 3440 στὸν
217 3376 277 3458 τήν
305 3375 342 3441 ἐν
361 3372 591 3461 Ἑλλησπόντῳ
615 3373 817 3458 ἐπετρόπευε.
862 3379 977 3461 Μᾶρες
1001 3372 1037 3443 δέ
1061 3376 1112 3442 ἐπὶ
1132 3395 1163 3444 79

110 3478 171 3565 μὲν
206 3489 277 3564 τῇσι
315 3485 477 3567 κεφαλῇσι
513 3479 634 3565 κράνεα
671 3479 827 3565 ἐπιχώρια
859 3483 979 3547 πλεκτά
1012 3478 1111 3568 εἶχον,
