2640 3960
212 279 253 346 42
622 276 811 334 HERODOTI

210 423 388 507 πηξάμενοι
411 419 465 488 καὶ
488 422 708 507 ἀγνωμοσύνῃ
728 421 927 506 χρησάμενοι
947 416 1134 501 ἀπέστησαν
1154 416 1218 480 ἀπὸ
1289 403 1290 446 3

210 539 276 594 τῶν
296 525 525 612 Ἐπιδαυρίων.
571 529 626 592 ἅτε
655 523 691 594 δὲ
719 526 829 602 ἐόντες
856 526 1013 612 διάφοροι
1041 522 1218 606 ἐδηλέοντο

212 634 347 715 αὐτούς,
372 634 453 699 ὥστε
478 635 518 716 δὴ
542 632 851 717 θαλασσοκράτορες
873 631 996 714 ἐόντες,
1019 628 1075 695 καὶ
1098 630 1139 712 δὴ
1162 626 1218 693 καὶ
1290 685 1291 692 ,

210 741 250 803 τὰ
277 739 444 822 ἀγάλματα
472 747 574 803 ταῦτα
602 747 659 820 της
683 759 717 801 τε
740 741 871 821 Δαμίης
892 735 947 802 καὶ
969 746 1026 821 τῆς
1048 735 1218 818 Αὐξησίης

210 845 425 929 ὑπαιρέονται
453 843 578 926 αὐτῶν,
606 846 665 908 καί
689 859 774 926 σφεα
802 842 958 926 ἐκόμισάν
984 864 1019 907 τε
1046 838 1101 906 καὶ
1126 841 1218 924 ἱδρύ-

212 966 313 1015 σαντο
336 959 392 1032 τῆς
415 948 575 1033 σφετέρης
597 949 704 1032 χώρης
727 947 761 1023 ἐς
782 948 843 1030 τὴν
866 949 1059 1031 μεσόγαιαν,
1089 954 1129 1030 τῇ
1155 950 1217 1028 Οίη
1291 983 1292 1020 ;

212 1055 272 1138 μέν
292 1055 360 1120 ἐστι
378 1052 516 1138 οὕνομα,
539 1054 656 1119 στάδια
676 1049 712 1118 δὲ
731 1053 869 1136 μάλιστά
887 1076 928 1138 κη
947 1052 1010 1117 ἀπὸ
1029 1061 1085 1136 τῆς
1103 1055 1218 1128 πόλιος

212 1161 256 1236 ὡς
279 1165 381 1225 εἴκοσι
404 1158 524 1243 ἀπέχει.
566 1159 781 1244 ἱδρυσάμενοι
804 1155 842 1222 δὲ
864 1158 901 1223 έν
923 1160 1029 1245 τούτῳ
1052 1166 1097 1245 τῷ
1121 1159 1217 1244 χώρῳ
1292 1205 1293 1238 ,

211 1269 354 1350 θυσίησί
377 1263 415 1330 τέ
440 1281 525 1348 σφεα
552 1261 606 1328 καὶ
633 1273 762 1348 χοροῖσι
784 1266 1007 1346 γυναικηίοισι
1029 1266 1218 1346 κερτόμοισι

214 1372 400 1452 ἱλάσκοντο,
424 1381 576 1454 χορηγῶν
599 1368 889 1452 ἀποδεικνυμένων
910 1367 1044 1455 ἑκατέρη
1062 1379 1129 1433 τῶν
1147 1370 1218 1434 δαι-

212 1480 325 1561 μόνων
362 1475 439 1541 δέκα
470 1475 616 1558 ἀνδρῶν·
656 1486 762 1550 κακῶς
794 1471 831 1540 δὲ
862 1475 1027 1560 ἠγόρευον
1059 1476 1094 1540 οἱ
1123 1474 1218 1560 χοροὶ

212 1583 318 1666 ἀνδρα
342 1579 402 1665 μέν
425 1580 563 1664 οὐδένα,
585 1581 643 1656 τὰς
667 1577 704 1645 δὲ
727 1580 902 1666 ἐπιχωρίας
923 1592 1091 1664 γυναῖκας.
1132 1577 1218 1664 όσαν

213 1684 249 1752 δὲ
272 1685 327 1752 καὶ
350 1697 435 1751 τοῖσι
456 1684 695 1771 Ἐπιδαυρίοισι
719 1687 756 1750 αἱ
776 1685 871 1751 αὐταὶ
895 1686 1069 1771 ἱροεργίαι·
1093 1685 1157 1751 είσὶ
1182 1687 1220 1752 δέ
1294 1698 1295 1772 λ

160 1812 194 1861 84
213 1809 273 1876 σφι
295 1789 350 1856 καὶ
373 1793 509 1876 ἀρρητοι
528 1792 697 1876 ἱροεργίαι.
734 1790 949 1875 κλεφθέντων
973 1789 1010 1856 δὲ
1028 1793 1133 1857 τῶνδε
1151 1804 1218 1857 τῶν

212 1897 407 1982 ἀγαλμάτων
435 1897 470 1962 οἱ
495 1894 701 1980 Ἐπιδαύριοι
727 1907 814 1961 τοῖσι
838 1893 1045 1979 Ἀθηναίοισι
1071 1899 1112 1962 τὰ
1139 1914 1218 1964 συν-

212 2001 329 2067 έθεντο
349 2003 410 2067 οὐκ
428 2001 605 2068 ἐπετέλεον.
643 2001 829 2086 πέμψαντες
848 1998 885 2067 δὲ
904 2003 939 2066 οἱ
952 1999 1124 2086 Ἀθηναῖοι
1143 2004 1218 2088 ἐμη·

211 2131 287 2173 νιον
318 2119 405 2174 τοῖσι
428 2103 680 2193 Ἐπιδαυρίοισι·
713 2108 749 2172 οἱ
777 2103 814 2171 δὲ
846 2106 1032 2190 ἀπέφαινον
1059 2112 1146 2197 λόγῳ
1175 2111 1219 2187 όις

213 2213 274 2277 οὐκ
301 2213 476 2278 ἀδικέοιεν·
504 2214 585 2278 ὅσον
612 2209 673 2295 μὲν
700 2213 763 2293 γάρ
790 2213 913 2296 χρόνον
941 2207 1031 2298 εἱχον
1058 2215 1098 2278 τὰ
1120 2215 1218 2298 ἀγάλ·

212 2339 297 2401 ματα
325 2317 361 2381 ἐν
388 2326 427 2400 τῇ
454 2319 560 2401 χώρη,
592 2314 768 2381 ἐπιτελέειν
794 2317 835 2381 τά
861 2316 1059 2402 συνέθεντο,
1088 2318 1158 2385 ἐπεὶ
1183 2319 1219 2386 δὲ

213 2422 410 2502 ἐστερῆσθαι
427 2420 547 2502 αὐτῶν,
568 2421 608 2485 οὐ
623 2422 746 2485 δίκαιοι
765 2416 850 2486 εἶναι
865 2421 1045 2508 ἀποφέρειν
1064 2427 1121 2507 ἔτι,
1137 2426 1218 2492 ἀλλὰ

212 2529 290 2602 τοὺς
326 2529 460 2609 ἔχοντας
493 2525 575 2590 αὐτὰ
605 2528 786 2609 Αἰγινήτας
816 2531 1024 2613 πρήσσεσθαι
1056 2529 1217 2598 ἐκέλευον.

212 2633 294 2717 πρὸς
325 2639 427 2698 ταῦτα
459 2631 494 2695 οἱ
514 2625 688 2714 Ἀθηναῖοι
722 2632 755 2709 ἐς
777 2639 920 2716 Αίγιναν
947 2635 1132 2720 πέμψαντες
1160 2639 1218 2718 άπ-

213 2733 324 2804 αίτεον
346 2737 386 2801 τά
408 2735 589 2820 ἀγάλματα·
613 2738 648 2802 οἱ
668 2735 705 2803 δὲ
724 2741 898 2822 Αἰγινῆται
922 2744 1050 2824 ἔφασαν
1069 2746 1166 2826 σφίσι
1184 2767 1218 2809 τε

161 2865 194 2914 ει
213 2844 267 2911 καὶ
291 2839 497 2925 Ἀθηναίοισι
530 2837 614 2907 εἶναι
647 2841 746 2908 οὐδέν
773 2853 915 2928 πρῆγμα.
958 2844 1130 2930 Ἀθηναῖοι
1158 2850 1218 2935 μέν

212 2976 277 3016 νυν
305 2949 438 3033 λέγουσι
461 2949 541 3032 μετὰ
562 2949 624 3031 τὴν
647 2949 822 3032 ἀπαίτησιν
845 2949 1069 3034 ἀποσταλῆναι
1091 2960 1220 3040 τριηρεῑ

213 3065 269 3140 μιῇ
306 3067 372 3120 τῶν
404 3054 512 3118 ἀστῶν
546 3054 718 3135 [τούτους]
757 3057 792 3118 οἱ
819 3054 1026 3138 πεμφθέντες
1058 3058 1120 3125 ἀπὸ
1158 3072 1218 3128 τοῦ

214 3169 331 3225 κοινοῦ
354 3157 407 3223 καὶ
432 3159 622 3242 ἀπικόμενοι
647 3158 679 3234 ἐς
697 3165 841 3241 Αἴγιναν
863 3161 903 3224 τά
925 3160 1093 3246 ἀγάλματα
1115 3177 1218 3232 ταῦτα

214 3266 258 3342 ὡς
285 3263 454 3348 σφετέρων
477 3264 585 3341 ξύλων
612 3263 709 3330 ἐόντα
731 3265 908 3348 ἐπειρῶντο
932 3267 966 3332 ἐκ
988 3279 1055 3333 τῶν
1078 3272 1218 3356 βάθρων

214 3369 414 3452 ἐξανασπᾶν,
442 3370 498 3435 ἱνα
521 3369 606 3453 σφέα
629 3369 901 3454 ἀνακομίσωνται.
947 3373 988 3438 οὐ
1011 3376 1219 3459 δυναμένους

215 3475 252 3542 δὲ
283 3477 389 3563 τούτῳ
419 3483 465 3562 τῷ
497 3477 607 3561 τρόπῳ
636 3475 744 3540 αὐτῶν
776 3485 949 3559 κρατῆσαι,
981 3483 1220 3564 περιβαλόντας
