2678 3968
446 183 589 268 LIB.1x.'
612 212 689 268 CAP.
711 220 830 268 ιε-ιε.
1073 213 1137 276 331

136 357 287 440 πρόδηλα
314 357 377 441 γάρ
404 356 455 422 ότι
482 355 583 441 ήμέας
611 351 704 422 οὗτοι
732 357 767 422 οί
786 358 960 443 ἀνθρωποι
982 355 1140 442 μέλλουσι

136 464 291 548 προόπτῳ
314 464 449 549 θανάτῳ
474 464 605 546 δώσειν,
630 463 908 547 διαβεβλημένους
929 464 993 529 ὑπὸ
1016 469 1139 530 Θεσσα-

137 575 220 651 λῶν,
253 569 297 645 ὡς
324 568 387 651 ἐγώ
416 570 543 648 εἰκάζω·
573 577 637 634 νῦν
664 570 771 654 ἀνδρα
797 569 904 634 πάντα
929 572 1003 634 τινά
1028 569 1139 654 ὑμέων

136 677 236 760 χρεόν
263 675 331 740 ἐστι
357 674 515 758 γενέσθαι
542 674 686 758 ἀγαθόν·
718 674 859 759 κρέσσον
881 676 944 758 γάρ
967 677 1140 753 ποιεῦντάς

136 806 169 846 τι
192 778 246 846 καὶ
269 779 497 865 ἀμυνομένους
518 786 707 864 τελευτῆσαι
730 781 789 846 τὸν
812 783 915 846 αἰῶνα
938 783 1037 864 ῆπερ
1059 805 1139 866 παρ-

138 887 273 972 έχοντας
305 887 536 972 διαφθαρῆναι
565 889 719 974 αἰσχίστῳ
748 889 848 974 μόρῳ.
893 887 975 952 ἀλλά
1006 887 1139 972 μαθέτω

137 1018 188 1071 τις
219 993 329 1058 αὐτῶν
356 993 406 1058 ὅτι
436 993 544 1070 ἐόντες
571 994 733 1078 βάρβαροι
761 990 810 1059 ἐπ’
837 991 973 1076 Ἕλλησι
1000 993 1139 1078 ἀνδράσι

138 1103 248 1186 φόνον
270 1103 426 1185 ἔρραψαν.
472 1099 490 1164 ό
513 1095 574 1184 μέν
596 1109 698 1165 ταῦτα
720 1103 892 1184 παραίνεε·
915 1101 951 1165 οί
971 1096 1008 1165 δέ
1031 1099 1140 1177 ίππέες
1161 1123 1193 1170 18

138 1209 243 1274 ἐπείτε
266 1203 370 1289 σφέας
393 1205 634 1289 ἐκυκλώσαντο,
659 1206 846 1290 ἐπήλαυνον
869 1206 913 1282 ώς
935 1205 1139 1289 ἀπολέοντες,

81 1395 83 1400 Ι
136 1312 193 1381 καὶ
223 1313 264 1396 δή
293 1313 491 1378 διετείνοντο
518 1313 558 1377 τά
585 1312 681 1396 βέλεα
708 1312 753 1389 ώς
775 1312 970 1395 ἀπήσοντες,
997 1315 1055 1377 καί
1078 1313 1140 1378 κού

137 1445 188 1498 τις
208 1416 264 1485 καὶ
287 1418 396 1502 ἀπῆκε.
440 1415 495 1484 καλ
517 1421 554 1484 οἳ
573 1417 679 1484 ἀντίοι
702 1417 853 1501 ἔστασαν,
876 1418 982 1504 πάντη
1005 1417 1140 1503 συστρέ-

137 1538 260 1604 ψαντες
278 1523 421 1600 ἑωυτοὺς
437 1522 493 1589 καὶ
510 1525 740 1601 πυκνώσαντες
758 1524 803 1601 ώς
815 1525 963 1609 μάλιστα.
993 1523 1139 1590 ἐνθαῦτα

138 1636 174 1699 οί
191 1633 323 1698 ἱππόται
341 1629 548 1715 ὑπέστρεφον
566 1628 620 1694 καὶ
638 1630 830 1714 ἀπήλαυνον
848 1631 964 1696 ὀπίσω.
998 1631 1058 1695 οὐκ
1076 1633 1139 1716 έχω

139 1737 169 1805 δ’
197 1731 355 1823 ἀτρεκέως
378 1737 481 1802 εἰπεῖν
505 1736 580 1802 ούτε
599 1737 630 1801 εί
645 1732 754 1819 ήλθον
772 1733 833 1820 μὲν
852 1736 1045 1813 ἀπολέοντες
1062 1739 1141 1814 τοὺς

141 1843 276 1920 Φωκέας
297 1841 486 1926 δεηθέντων
504 1846 692 1923 Θεσσαλῶν,
712 1839 780 1907 ἐπεὶ
800 1839 837 1906 δὲ
855 1843 952 1927 ώρων
968 1843 1051 1928 πρὸς
1068 1842 1140 1908 ἀλέ-

140 1953 235 2036 ξησιν
262 1947 503 2035 τραπομένους,
532 1949 699 2024 δείσαντες
726 1948 769 2032 μή
800 1945 856 2013 καὶ
883 1951 978 2032 σφίσι
1006 1948 1140 2033 γένηται

138 2059 302 2142 τρώματα,
326 2056 412 2120 οὕτω
436 2054 477 2138 δὴ
499 2053 691 2137 ἀπήλαυνον
714 2053 818 2118 ὀπίσω
842 2051 901 2139 (ὣς
922 2055 986 2137 γάρ
1004 2070 1066 2138 σφι
1089 2054 1105 2120 ἐ
1126 2095 1140 2104 -

140 2166 283 2230 ετείλατο
307 2157 515 2243 Μαρδόνιος)
548 2155 618 2225 οὔτ’
649 2160 680 2222 εἰ
705 2157 814 2222 αὐτῶν
840 2165 1040 2243 πειρηθῆναι
1061 2159 1140 2243 ῆθέ·

140 2276 219 2352 λησε
247 2273 279 2332 εί
297 2289 329 2330 τι
356 2265 455 2348 ἀλκῆς
481 2261 662 2348 μετέχουσι.
706 2264 750 2341 ὡς
778 2259 815 2329 δὲ
841 2261 945 2329 ὀπίσω
968 2264 1140 2350 ἀπήλασαν

140 2377 176 2441 οἱ
206 2374 352 2455 ίππόται,
388 2369 517 2456 πέμψας
543 2371 739 2454 Μαρδόνιος
770 2372 896 2454 κήρυκα
928 2373 1018 2454 ἔλεγε
1049 2373 1139 2439 τάδε·

139 2477 310 2566 (θαρσέετε,
333 2473 359 2542 ώ
380 2474 521 2552 Φωκέες·
544 2477 662 2561 ἀνδρες
684 2477 746 2560 γάρ
766 2475 907 2560 ἐφάνητε
930 2475 1039 2554 ἐόντες
1061 2478 1140 2562 ἀνα-

140 2589 213 2669 θοί,
242 2584 302 2650 οὐκ
329 2583 373 2660 ὡς
400 2581 463 2666 ἐγὼ
492 2581 738 2666 ἐπυνθανόμην.
783 2579 838 2646 καὶ
867 2591 932 2648 νῦν
958 2585 1140 2668 προθύμως

139 2693 255 2780 φέρετε
277 2691 336 2755 τὸν
358 2689 502 2773 πόλεμον
520 2697 653 2753 τοῦτον·
676 2687 881 2773 εύεργεσίησι
902 2689 965 2772 γάρ
988 2688 1029 2752 οὐ
1049 2691 1140 2772 νική-

140 2819 211 2866 σετε
235 2790 305 2863 οὔτ’
331 2791 379 2861 ών
402 2791 457 2879 ἐμέ
480 2793 555 2860 οάτε
577 2791 721 2878 βασιλέα.
757 2794 798 2858 τδι
819 2790 893 2878 περὶ
915 2791 1058 2858 Φωκέων
1078 2791 1140 2878 μὲν

140 2907 171 2983 ἐς
185 2911 325 2970 τοσοῦτο
340 2899 483 2986 ἐγένετο·
501 2900 759 2982 Λακεδαιμόνιοι
774 2893 810 2964 δέ
825 2899 869 2974 ώς
883 2897 915 2974 ἐς
933 2899 992 2963 τὸν
1002 2896 1139 2983 Ἰσθμὸν
1160 2918 1192 2966 ιο

139 3008 258 3096 ήλθον,
282 3007 446 3092 ἐντούτῳ
470 3004 795 3088 ἐστρατοπεδεύοντο.
831 3005 1081 3086 πυνθανόμενοι
1102 3001 1139 3071 δὲ

138 3127 240 3183 ταῦτα
268 3115 305 3180 οί
327 3109 436 3178 λοιποὶ
461 3111 727 3193 Πελοποννήσιοι
750 3120 836 3174 τοῖσι
858 3109 898 3174 τά
921 3101 1043 3192 ἀμείνω
1067 3108 1139 3176 ἑάν-

140 3225 233 3306 δανε,
266 3220 303 3286 ολ
331 3214 368 3284 δὲ
398 3213 453 3281 καὶ
480 3215 621 3300 δρῶντες
653 3213 797 3292 ἐξιόντας
824 3217 1045 3298 Σπαρτιήτας,
1079 3217 1140 3280 οὐκ

140 3329 305 3394 ἐδικαίευν
323 3327 495 3390 λείπεσθαι
508 3330 565 3404 τῆς
579 3319 695 3398 ἐξόδου
710 3321 1020 3406 [Λακεδαιμονίωνλ
1047 3320 1082 3387 ἐκ
1097 3324 1139 3406 δὴ

139 3430 187 3499 ὧν
204 3441 265 3498 τοῦ
280 3430 417 3514 Ἰσθμοῦ
431 3427 715 3513 καλλιερησάντων
731 3429 810 3508 [τών
826 3427 920 3508 ίρών]
941 3425 1139 3508 ἐπορεύοντο
