2640 3960
190 226 233 290 92
602 223 790 279 HERODOTI

192 371 250 444 νὸς
274 369 431 434 δίδοσθαι
454 367 490 434 ἐκ
517 378 577 434 τοῦ
601 370 763 453 δημοσίου
787 369 896 451 ίρήιον
918 365 1030 432 τέλεον
1054 365 1199 452 ἑκατέρω
1296 355 1297 378 ’

117 455 120 464 ⁴
191 474 225 550 ές
244 472 448 552 ’Λπόλλωνος
469 473 525 540 καὶ
547 474 708 559 μέδιμνον
732 474 880 558 ἀλφίτων
898 472 953 538 καὶ
971 479 1068 538 οίνου
1085 472 1199 552 τετάρ·

191 601 252 660 την
275 583 487 664 Λακωνικήν,
520 579 575 646 καί
607 580 643 647 έν
669 591 755 646 τοῖσι
775 580 886 662 ἀγῶσι
913 590 993 644 πᾶσι
1019 579 1201 662 προεδρίας

193 683 390 768 ἐξαιρέτους·
404 685 458 752 καί
473 688 667 772 προξείνους
685 687 920 752 ἀποδεικνύναι
933 687 1079 751 τούτοισι
1098 701 1199 766 προσ-

191 797 322 856 κεῖσθαι
353 795 431 869 τοὺς
459 793 501 857 ἀν
534 792 675 858 ἐθέλωσι
706 803 773 857 τῶν
812 793 920 857 ἀστῶν
951 790 1006 856 καὶ
1041 793 1201 865 Πυθίους

192 896 363 981 αἱρέεσθαι
386 900 448 963 δύο
472 898 640 983 ἑκάτερον·
664 899 699 964 ολ
720 895 756 963 δὲ
777 899 907 963 Πύθιοί
926 901 991 962 εἰσι
1012 899 1199 980 θεοπρόποι

192 999 225 1078 ές
239 1005 404 1086 Δελφούς,
424 1007 608 1088 σιτεόμενοι
626 1006 706 1088 μετὰ
724 1015 790 1069 τῶν
808 1004 972 1086 βασιλέων
990 1006 1029 1068 τά
1044 1005 1199 1085 δημόσια·

192 1108 236 1189 μη
260 1107 398 1174 ἐλθοῦσι
426 1107 463 1174 δέ
490 1122 576 1175 τοῖσι
603 1114 775 1193 βασιλεῦσι
806 1109 860 1174 ἐπὶ
886 1111 923 1174 τὸ
954 1112 1091 1174 δεῖπνον
1118 1109 1199 1172 ἀπο-

191 1212 381 1296 πέμπεσθαί
401 1231 461 1300 σφι
484 1215 517 1291 ἐς
537 1218 578 1280 τά
606 1218 692 1280 οίκία
720 1215 868 1299 ἀλφίτων
897 1239 932 1280 τε
960 1217 1021 1280 δύο
1049 1217 1199 1298 χοίνικας

193 1317 332 1406 ἑκατέρῳ
346 1318 399 1384 καὶ
415 1327 510 1385 οίνου
523 1323 676 1403 κοτύλην,
695 1330 855 1406 παρεοῦσι
870 1318 907 1385 δέ
921 1322 1076 1402 διπλήσια
1090 1321 1198 1384 πάντα

191 1553 249 1606 τας
263 1528 315 1594 ἐπὶ
326 1532 462 1596 δεῖπνον
476 1539 650 1616 τιμᾶσθαι·
665 1534 721 1608 τάς
732 1529 768 1596 δὲ
778 1536 937 1616 μαντηίας
949 1533 1007 1608 τὰς
1020 1531 1199 1614 γινομένας

191 1636 330 1712 τούτους
353 1638 546 1720 φυλάσσειν,
578 1639 766 1704 συνειδέναι
790 1635 827 1702 δὲ
849 1636 904 1702 καὶ
926 1641 1004 1714 τοὺς
1028 1640 1198 1711 Πυθίους·

194 1742 336 1820 δικάζειν
360 1739 397 1806 δὲ
420 1745 566 1826 μούνους
588 1747 665 1820 τοὺς
684 1742 838 1826 βασιλέας
855 1745 974 1809 τοσάδε
992 1753 1114 1825 μοῦνα·
1138 1763 1198 1804 πα-

192 1849 335 1932 τρούχου
358 1871 392 1912 τε
415 1849 587 1933 παρθένου
610 1849 700 1933 πέρι,
728 1849 761 1925 ἐς
782 1851 842 1914 τὸν
865 1847 1004 1914 ίκνέεται
1027 1851 1126 1932 ἔχειν,
1156 1847 1197 1929 ἢν

195 1957 237 2037 μή
261 1975 321 2036 περ
346 1953 364 2019 δ
387 1956 492 2039 πατὴρ
516 1955 620 2037 αὐτὴν
643 1955 798 2040 ἐγγυήσῃ,
820 1952 874 2019 καὶ
898 1955 986 2020 ὁδῶν
1009 1952 1198 2036 δημοσιέων

192 2059 280 2143 πέρι·
303 2057 358 2124 καὶ
371 2061 414 2143 ἢν
428 2083 477 2136 τις
490 2062 592 2125 θετὸν
606 2061 708 2124 παῖδα
721 2059 892 2125 ποιέεσθαι
907 2058 1017 2144 ἐθέλῃ,
1032 2058 1199 2140 βασιλέων

193 2165 346 2230 ἐναντίον
368 2164 553 2230 ποιέεσθαι·
576 2162 631 2230 καὶ
653 2169 800 2248 παρίζειν
823 2167 1022 2246 βουλεύουσι
1040 2176 1128 2228 τοῖσι
1145 2164 1197 2247 γέ-

194 2286 302 2353 ρουσι,
322 2269 414 2334 ἐοῦσι
434 2273 525 2335 δυῶν
545 2269 659 2336 δέουσι
676 2275 859 2354 τριήκοντα.
882 2272 924 2354 ἢν
943 2269 980 2336 δὲ
998 2273 1041 2355 μὴ
1060 2273 1197 2348 ἔλθωσι,

194 2377 271 2450 τοὺς
293 2375 432 2456 μάλιστά
455 2391 515 2458 σφι
538 2387 604 2439 τῶν
622 2379 789 2459 γερόντων
807 2379 1034 2460 προσήκοντας
1052 2379 1140 2459 ἔχειν
1159 2377 1199 2439 τά

193 2490 260 2544 τῶν
284 2477 447 2562 βασιλέων
471 2478 583 2563 γέρεα,
608 2481 670 2544 δύο
694 2484 827 2564 ψήφους
848 2481 1058 2565 τιθεμένους,
1082 2485 1196 2564 τρίτην

144 2604 176 2654 58
196 2583 232 2649 δὲ
255 2586 315 2668 την
340 2583 480 2649 ἑωυτῶν.
504 2595 606 2649 ταῦτα
625 2582 685 2669 μὲν
705 2590 781 2665 ζῶσι
803 2598 889 2652 τοῖσι
910 2591 1083 2670 βασιλεῦσι
1104 2587 1198 2652 δέδο-

193 2715 247 2756 ται
269 2690 305 2756 ἐκ
328 2699 387 2756 τοῦ
414 2700 530 2756 κοινοῦ
557 2701 617 2755 τού
645 2692 895 2777 Σπαρτιητέων,
926 2692 1140 2758 ἀποθανοῦσι
1163 2691 1199 2757 δὲ

193 2798 284 2862 τάδε·
318 2794 428 2874 ίππέες
450 2797 722 2882 περιαγγέλλουσι
748 2798 785 2862 τὸ
813 2799 950 2880 γεγονὸς
975 2800 1058 2862 κατὰ
1089 2809 1200 2864 πᾶσαν

193 2905 254 2986 την
278 2905 488 2986 Λακωνικήν,
511 2904 592 2967 κατὰ
615 2900 652 2967 δὲ
675 2904 735 2986 τὴν
758 2906 856 2967 πόλιν
878 2913 1032 2985 γυναῖκες
1054 2915 1200 2986 περιιοῦ-

194 3025 249 3073 σαι
268 3008 386 3092 λέβητα
404 3006 585 3094 κροτέουσι.
610 3008 707 3074 ἐπεάν
726 3003 773 3072 ὧν
792 3017 889 3073 τοῦτο
907 3007 1041 3091 γένηται
1054 3019 1200 3090 τοιοῦτο,

195 3113 320 3196 ἀνάγκη
345 3112 377 3190 ἐξ
402 3116 507 3196 οίκιής
530 3113 667 3196 ἑκάστης
690 3111 889 3195 ἐλευθέρους
912 3115 973 3178 δύο
992 3119 1200 3197 καταμιαίνε-

194 3225 286 3299 σθαι,
310 3219 417 3301 ἀνδρα
440 3243 474 3284 τε
497 3218 552 3284 καὶ
576 3230 729 3301 γυναῖκα·
766 3219 810 3301 μὴ
842 3221 998 3300 ποιησασι
1031 3215 1069 3284 δέ
1100 3231 1201 3286 τοῦτο

195 3325 303 3407 ζημίαι
313 3323 449 3406 μεγάλαι
460 3323 633 3388 ἐπικέαται.
652 3326 753 3407 νόμος
763 3319 800 3390 δἐἰ
813 3324 1200 3406 τοίσιΛακεδαιμονίοισι
1296 3393 1297 3404 ,

175 3418 177 3422 ’
194 3430 275 3494 κατὰ
293 3439 360 3492 τῶν
378 3425 542 3508 βασιλέων
560 3429 638 3504 τοὺς
656 3427 825 3502 θανάτους
839 3425 907 3492 ἐστὶ
922 3427 1026 3504 ὡυτὸς
1043 3427 1099 3492 καὶ
1114 3443 1200 3497 τοῖσι
