2678 3970
387 234 453 289 Llss.
468 233 529 290 vn.
565 233 816 292 efflue-183.
1042 239 1108 303 225

98 378 216 462 ἐπειδή
239 377 360 462 ήνηῦς
381 379 531 463 ἡλίσκετο
555 378 588 456 ές
609 388 707 445 τοῦτο
727 380 853 466 ἀντεῖχε
871 383 1055 467 μαχόμενος
1074 382 1109 459 ἐς

99 483 120 549 δ
144 487 432 570 κατεκρεουργήθη
460 485 553 562 ἅπας.
597 485 641 562 ὡς
669 482 707 551 δέ
732 487 842 552 πεσών
871 487 932 553 οὐκ
959 487 1107 553 άπέθανε

98 587 175 655 ἀλλ’
204 584 248 674 ἧν
274 593 431 675 ἔμπνοος,
460 591 496 655 οί
516 589 660 676 Πέρσαι,
689 592 804 678 οἵπερ
833 591 1030 676 ἐπεβάτευον
1054 591 1108 659 ἐπὶ

98 707 170 760 τῶν
201 705 302 779 νεῶν,
336 693 380 761 δι’
415 697 534 784 ἀρετήν
566 698 627 781 τήν
654 697 783 763 ἐκείνου
813 702 1026 783 περιποιῆσαί
1048 724 1107 784 μιν
1188 731 1190 737 ’

99 799 179 887 περὶ
208 805 364 868 πλείστου
396 802 609 887 ἐποιήσαντο,
641 804 811 889 σμύρνῃσί
838 826 874 869 τε
902 804 1036 888 ἐώμενοι
1066 806 1107 870 τά

100 907 198 974 ἕλκεα
219 905 275 973 καὶ
297 909 452 986 σινδόνος
471 911 632 992 βυσσίνης
649 913 813 993 τελαμῶσι
830 911 1107 986 κατειλίσσοντες·

100 1017 162 1080 καί
190 1039 262 1099 μιν,
292 1014 337 1092 ὡς
365 1014 470 1080 ὀπίσω
502 1014 658 1080 ἀπίκοντο
686 1015 720 1093 ἐς
745 1017 783 1080 τὸ
812 1013 944 1081 ἑωυτῶν
972 1017 1108 1100 στρατό-

101 1120 222 1202 πεδον,
246 1119 481 1186 ἐπεδείκνυσαν
504 1120 757 1206 ἐκπαγλεόμενοι
783 1121 871 1206 πάση
898 1127 938 1205 τῇ
960 1129 1106 1206 στρατιῇ,

101 1224 313 1311 περιέποντες
335 1221 386 1290 εὖ·
408 1228 487 1303 τοὺς
506 1223 543 1291 δέ
560 1227 681 1304 άλλονς
698 1228 777 1304 τοὺς
795 1229 916 1309 ἔλαβον
939 1226 976 1291 ἐν
992 1233 1032 1310 πή
1050 1224 1107 1308 νηὶ

102 1331 205 1416 ταότη
231 1341 403 1417 περιεῖπον
430 1331 474 1409 ώς
496 1330 699 1418 ἀνδράποδα.
744 1331 782 1396 αί
801 1328 862 1416 μὲν
886 1332 926 1416 δή
950 1331 1013 1397 δύο
1030 1341 1098 1396 τῶν
1109 1347 1162 1398 183

101 1448 191 1503 νεῶν
214 1437 300 1502 οὕτω
323 1437 564 1522 ἐχειρώθησαν·
590 1436 611 1520 ή
635 1434 672 1502 δὲ
694 1439 797 1522 τρίτη,
820 1446 878 1521 τῆς
900 1437 1109 1524 ἐτριηράρχεε

105 1546 240 1628 Φόρμος
266 1542 351 1627 ἀνήρ
377 1539 568 1626 Ἀθηναίας,
598 1543 771 1626 φεύγουσα
798 1541 960 1622 ἐξοκέλλει
991 1542 1024 1620 ἐς
1050 1543 1110 1621 τὰς

104 1649 241 1733 ἐκβολάς
262 1657 324 1714 τοῦ
341 1653 501 1732 Πηνειοῦ,
524 1646 580 1713 καὶ
601 1657 662 1713 τοῦ
685 1645 745 1732 μὲν
764 1649 907 1732 σκάφεος
925 1648 1110 1733 ἐκράτησαν

104 1755 141 1822 οί
160 1756 334 1841 βάρβαροι,
355 1764 423 1820 τῶν
447 1750 484 1820 δέ
507 1753 640 1839 ἀνδρῶν
663 1754 713 1819 οὔ.
758 1754 802 1831 ώς
824 1755 887 1839 γάρ
911 1754 952 1837 δή
974 1753 1110 1838 τάχιστα

105 1862 285 1928 ἐπώκειλαν
315 1861 377 1944 τήν
407 1858 467 1925 νέα
498 1859 534 1924 οί
554 1853 741 1943 Ἀθηναῖοι,
774 1859 999 1944 ἀποθορόντες
1027 1860 1110 1924 κατὰ

105 1969 291 2050 Θεσσαλίην
304 1967 522 2050 πορευόμενοι
537 1964 762 2050 ἐκομίσθησαν
777 1964 810 2042 ἐς
820 1961 973 2047 Ἀθήνας.
997 1974 1099 2032 ταῦτα
1111 1981 1163 2031 18³

107 2075 142 2142 οί
153 2073 310 2157 Ἕλληνες
332 2073 368 2138 οί
388 2067 437 2138 ἐπ’
460 2067 649 2163 Ἀρτεμισίφ
673 2071 1010 2158 στρατοπεδευόμενοι
1027 2091 1109 2136 πυν-

106 2179 269 2246 θάνονται
286 2180 374 2265 παρὰ
389 2188 527 2264 πυρσών
545 2177 581 2243 ἐκ
599 2177 762 2246 Σκιάθου.
794 2178 981 2260 πυθόμενοι
999 2172 1036 2241 δέ
1053 2173 1110 2241 καὶ

104 2286 417 2370 καταρρωδήσαντες
440 2284 503 2350 ἀπὸ
525 2292 586 2350 τοῦ
601 2281 807 2369 Ἀρτεμισίου
826 2284 1058 2368 μετορμίζοντο
1076 2282 1112 2358 ἐς

105 2391 269 2472 Χαλκίδα,
296 2390 498 2473 φυλάξοντες
523 2386 584 2475 μὲν
611 2390 671 2454 τὸν
689 2389 856 2475 Εὔριπον,
883 2391 1050 2466 λείποντες
1070 2385 1110 2454 δέ

105 2495 356 2580 ἡμεροσκόπους
385 2493 531 2581 περὶτὰ
558 2495 668 2579 ὑψηλά
695 2504 752 2578 τής
777 2495 932 2579 Εὐβοίης.
977 2505 1045 2560 τῶν
1072 2492 1110 2560 δὲ

107 2599 187 2666 δέκα
204 2610 291 2666 νεῶν
308 2612 375 2666 τών
393 2601 571 2687 βαρβάρων
589 2611 676 2686 τρεῖς
694 2601 861 2684 ἐπήλασαν
878 2599 953 2686 περὶ
970 2602 1008 2665 τὸ
1027 2600 1110 2685 ἕρμα

106 2708 145 2772 τὸ
168 2704 288 2791 μεταξὺ
306 2705 362 2772 ἐὸν
380 2708 534 2773 Σκιάθου
551 2728 587 2771 τε
604 2704 660 2770 καὶ
677 2709 886 2790 Μαγνησίης,
910 2707 1111 2789 καλεόμενον

107 2809 333 2897 δέΜόρμηκα.
360 2811 507 2878 ἐνθαῦτα
521 2811 557 2876 οί
567 2811 732 2895 βάρβαροι
745 2811 857 2894 ἐπειδὴ
872 2813 995 2893 στήλην
1008 2812 1112 2874 λώθου

108 2917 275 3002 ἐπέθηκαν
301 2921 495 3004 κομίσαντες
522 2915 575 2983 ἐπὶ
602 2918 639 2982 τὸ
666 2915 764 3002 ἕρμα,
791 2914 993 3001 ὁρμηθέντες
1015 2913 1111 2980 αὐτοὶ

109 3025 145 3090 ἐκ
163 3024 303 3109 Θέρμης,
326 3024 370 3100 ώς
392 3039 453 3107 σφι
471 3023 509 3088 τὸ
532 3022 685 3106 ἐμποδών
704 3020 854 3104 ἐγεγόνεε
871 3020 1032 3105 καθαρόν,
1056 3019 1111 3085 ἐπ-

109 3130 226 3196 έπλεον
256 3129 379 3214 πάσησι
410 3137 484 3213 τῇσι
513 3129 627 3211 νηυσί,
660 3126 777 3192 ἕνδεκα
805 3123 927 3210 ἡμέρας
953 3121 1111 3210 παρέντες

108 3237 187 3320 μετά
213 3236 274 3318 τήν
301 3232 454 3318 βασιλέος
481 3232 629 3312 ἐξέλασιν
657 3231 694 3297 ἐκ
720 3229 858 3315 Θέρμης.
902 3231 940 3296 τδ
968 3226 1005 3295 δέ
1027 3229 1110 3316 ἕρμα

109 3358 170 3425 σφι
195 3335 400 3423 κατηγήσατο
428 3339 485 3405 ἐὸν
512 3338 549 3403 ἐν
570 3338 662 3424 πόρφ
686 3336 825 3421 μάλιστα
848 3336 1000 3421 Πάμμων
1023 3338 1111 3401 Σκό-

110 3468 188 3532 ριος.
229 3446 420 3531 πανημερὸν
447 3440 485 3509 δέ
509 3441 663 3521 πλέοντες
691 3442 727 3507 οί
750 3441 912 3527 βάρβαροι
935 3439 1112 3520 ἐξανύουσι

162 3557 256 3598 finon.
270 3557 302 3598 11.
867 3550 899 3598 16
