2640 3960
414 231 481 286 LIB.
501 233 547 287 VI.
585 231 661 288 cAP.
681 239 802 288 35-39.
1070 236 1112 301 83

102 399 178 440 νων
198 373 235 440 δὲ
254 387 321 440 τῶν
340 381 576 460 Λαμψακηνῶν
596 377 632 442 ἐν
650 389 735 441 τοῖσι
754 380 882 460 λόγοισι
904 381 942 443 τό
965 379 1057 444 θέλει
1076 383 1113 446 τὸ

103 485 183 557 ἔπος
207 475 294 546 εἶπαι
317 484 355 546 τό
379 497 439 565 σφι
461 482 616 565 ἠπείλησε
640 481 658 546 ὁ
677 485 832 566 Κροῖσος,
857 487 971 562 πίτυος
989 489 1113 572 τρόπον

104 588 283 672 ἐκτρίψειν,
308 591 403 672 μόγις
420 585 495 652 κοτὲ
514 589 634 672 μαθὼν
648 599 715 652 τῶν
729 611 779 664 τις
796 589 1029 675 πρεσβυτέρων
1044 587 1113 658 εἶπε

102 696 141 758 τὸ
167 695 238 776 ἐόν,
268 695 318 759 ὅτι
345 698 441 771 πίτυς
463 695 570 778 μούνη
594 694 728 759 πάντων
752 694 918 779 δενδρέων
942 697 1113 764 ἐκκοπεῖσα

104 801 250 883 βλαστὸν
275 797 398 864 οὐδένα
421 811 525 883 μετιεῖ
545 799 627 864 ἀλλὰ
649 800 865 884 πανώλεθρος
889 799 1112 878 ἐξαπόλλυται.

105 907 274 982 δείσαντες
289 901 336 970 ὧν
351 905 386 970 οἱ
398 903 617 989 Λαμψακηνοὶ
634 905 780 989 Κροῖσον
799 908 957 982 λύσαντες
970 916 1113 990 μετῆκαν

103 1011 299 1076 Μιλτιάδεα.
324 1005 421 1087 οὗτος
444 1009 505 1095 μὲν
529 1012 569 1094 δή
595 1012 650 1075 διά
672 1015 821 1096 Κροίσου
844 1011 1006 1096 ἐκφεύγει,
1031 1014 1110 1096 μετὰ
1130 1031 1163 1080 38

104 1116 142 1182 δὲ
165 1122 300 1202 τελευτᾷ
324 1118 431 1199 άπαις,
455 1118 516 1200 τήν
538 1115 642 1201 ἀρχήν
661 1140 696 1182 τε
713 1115 769 1182 καλ
787 1120 827 1183 τά
844 1121 993 1203 χρήματα
1012 1139 1113 1203 παρα-

104 1225 186 1300 δοὺς
206 1227 403 1308 Στησαγόρῃ
427 1231 473 1309 τῷ
491 1225 647 1306 Κίμωνος
666 1222 831 1307 ἀδελφεοῦ
851 1221 970 1306 [παιδὶ]
991 1223 1113 1309 ὁμομη-

103 1333 210 1414 τρίου.
241 1331 299 1393 καί
324 1329 359 1393 οί
383 1331 614 1410 τελευτήσαντι
642 1333 882 1414 Χερσονησῖται
913 1331 1038 1395 θύουσι
1070 1331 1114 1407 ὡς

103 1439 209 1519 νόμος
223 1437 360 1521 οἰκιστῇ,
382 1433 439 1500 καὶ
457 1435 569 1518 ἀγῶνα
589 1436 722 1500 ἱππικόν
740 1435 847 1501 τεκαὶ
865 1437 1028 1520 γυμνικὸν
1047 1436 1113 1502 ἐπι-

7 1585 9 1590 .
105 1550 212 1622 στᾶσι,
227 1541 263 1606 ἐν
272 1549 317 1628 τῷ
328 1544 564 1623 Λαμψακηνῶν
579 1538 693 1605 οὐδενὶ
708 1540 870 1623 ἐγγίνεται
885 1541 1112 1624 ἀγωνίζεσθαι.

103 1645 252 1731 πολέμου
273 1644 309 1712 δὲ
327 1646 440 1722 ἐόντος
458 1647 540 1731 πρὸς
554 1649 801 1730 Λαμψακηνοὺς
818 1645 873 1711 καὶ
893 1651 1114 1733 Στησαγόρην

103 1752 263 1834 κατέλαβε
291 1752 475 1816 ἀποθανεῖν
504 1753 641 1834 δίπαιδα,
675 1751 839 1835 πληγέντα
871 1753 933 1836 τήν
965 1755 1114 1837 κεφαλήν

104 1858 235 1924 πελέκει·
256 1859 292 1923 ἐν
315 1867 360 1944 τῷ
383 1860 575 1944 πρυτανηίῳ
598 1858 680 1942 πρὸς
703 1857 826 1942 ἀνδρὸς
844 1857 1035 1942 αὐτομόλου
1053 1856 1114 1942 μὲν

104 1973 149 2052 τῷ
175 1967 274 2051 λόγῳ,
306 1967 466 2047 πολεμίου
498 1961 536 2028 δὲ
567 1961 621 2028 καὶ
649 1963 920 2048 ὑποθερμοτέρου
948 1972 993 2050 τῷ
1018 1966 1113 2052 ἔργῳ.

104 2074 360 2153 τελευτήσαντος
383 2067 497 2134 δὲκαὶ
520 2071 741 2153 Στησαγόρεω
763 2071 873 2154 τρόπῳ
896 2069 1031 2155 τοιῷδε,
1062 2070 1114 2135 ἐν·
1133 2089 1166 2137 39

105 2186 216 2244 θαῦτα
239 2176 426 2241 Μιλτιάδεα
455 2177 514 2240 τὸν
537 2177 707 2258 Κίμωνος,
740 2175 961 2257 Στησαγόρεω
990 2171 1027 2239 δὲ
1054 2185 1114 2242 τοῦ

104 2285 360 2365 τελευτήσαντος
379 2281 552 2364 ἀδελφεόν,
571 2281 866 2363 καταλαμψόμενον
884 2280 924 2343 τά
942 2283 1114 2366 πρήγματα

105 2388 158 2455 ἐπὶ
183 2389 398 2472 Χερσονήσου
421 2384 659 2450 ἀποστέλλουσι
681 2386 808 2469 τριήρει·
831 2385 866 2448 οί
886 2389 1113 2471 Πεισιστρατί-

106 2498 173 2576 δαι,
197 2494 234 2559 οἵ
252 2516 310 2577 μιν
332 2491 387 2556 καὶ
415 2491 451 2556 ἐν
471 2489 632 2576 Ἀθήνησι
661 2490 793 2556 ἐποίευν
817 2485 854 2555 εὖ
873 2491 918 2567 ὡς
941 2492 982 2557 ού
1005 2511 1114 2558 συνει-

106 2603 201 2675 δότες
215 2598 322 2681 δῆθεν
335 2605 396 2662 τοῦ
413 2599 536 2681 πατρὸς
556 2599 736 2679 [Κίμωνος]
754 2596 858 2661 αὐτοῦ
876 2599 935 2662 τὸν
953 2598 1113 2681 θάνατον,

105 2709 164 2771 τὸν
189 2703 254 2787 ἐγὼ
277 2702 313 2769 ἐν
337 2705 424 2789 άλλῳ
448 2705 535 2788 λόγῳ
560 2702 712 2786 σημανέω
741 2702 785 2779 ὡς
809 2701 947 2784 ἐγένετο.
972 2705 1112 2768 Μιλτιά-

106 2815 166 2896 δης
186 2809 223 2876 δὲ
243 2810 440 2892 ἀπικόμενος
459 2807 492 2884 ἐς
509 2810 570 2891 τήν
586 2811 799 2892 Χερσόνησον
819 2803 884 2891 εἶχε
903 2805 973 2872 κατ’
992 2814 1113 2890 οίκους,

104 2923 164 2985 τὸν
193 2917 357 2999 ἀδελφεὸν
384 2916 604 3000 Στησαγόρην
632 2915 759 2996 δηλαδή
787 2912 970 2997 ἐπιτιμέων.
1017 2913 1052 2977 ολ
1077 2911 1114 2978 δὲ

105 3030 349 3111 Χερσονησῖται
371 3022 623 3104 πυνθανόμενοι
650 3028 752 3084 ταῦτα
776 3017 1026 3102 σννελέχθησαν
1049 3017 1112 3083 άπὸ

105 3129 240 3196 πασέων
259 3140 326 3193 τῶν
340 3130 465 3192 πολίων
485 3127 520 3191 οί
537 3127 795 3201 δυναστεύοντες
813 3124 992 3206 πάντοθεν,
1010 3133 1112 3214 κοινῷ

106 3237 143 3304 δὲ
167 3237 275 3321 στόλῳ
298 3232 492 3317 ἀπικόμενοι
516 3233 560 3308 ὡς
583 3232 919 3314 συλλυπηθησόμενοι
947 3229 1112 3314 ἐδέθησαν

106 3341 161 3409 ὑπ’
185 3341 300 3406 αὐτοῦ.
323 3339 508 3420 Μιλτιάδης
526 3361 560 3402 τε
581 3339 623 3420 δὴ
638 3342 721 3420 ῖσχει
735 3337 795 3418 τήν
811 3338 1023 3420 Χερσόνησον
1037 3358 1111 3402 πεν-

106 3449 283 3522 τακοσίους
306 3448 436 3529 βόσκων
465 3441 661 3529 ἐπικούρους
674 3439 737 3506 ’καλ
760 3439 872 3525 γαμέει
893 3437 1028 3526 Ὀλόρου
1051 3450 1110 3508 τοῦ

865 3546 901 3600 6*
