2572 3980
200 237 242 299 14
609 233 796 290 HERODOTI

199 379 455 463 ἐπιμελήσεσθαι
478 380 586 466 ὥσπερ
609 391 676 445 τῶν
695 378 876 464 σφετέρων·
907 381 986 455 τοὺς
1014 377 1051 443 δὲ
1078 379 1200 456 ἀλλους
1266 413 1267 484 η

198 488 388 567 Μιλησίους
409 488 488 563 τοὺς
505 484 584 572 πρὶν
603 486 836 564 στασιάζοντας
853 485 980 550 τούτων
995 483 1112 562 ἔταξαν
1130 488 1198 550 πεί·
1266 547 1267 564 χ

147 603 182 654 80
200 595 334 655 θεσθαι.
368 592 490 677 Πάριοι
514 591 574 676 μέν
591 616 655 657 νυν
673 593 863 673 Μιλησίους
880 589 967 655 οὕτω
985 591 1199 676 κατήρτισαν·
1266 597 1267 650 λ

198 696 272 760 τότε
282 691 319 760 δέ
331 695 366 760 ἐκ
378 697 506 762 τούτων
519 708 586 762 τῶν
599 700 725 762 πολίων
739 691 804 761 ὧδε
817 697 934 780 ήρχετο
948 697 1030 760 κακά
1043 699 1198 778 γίνεσθαι
1266 685 1267 688 “

199 808 238 886 πή
258 794 375 886 Ἰωνίη.
405 801 441 868 ἐκ
463 803 579 882 Νάξου
602 806 728 886 ἔφυγον
751 802 871 884 ἀνδρες
891 811 958 865 τῶν
981 801 1111 885 παχέων
1134 802 1198 867 ὑπὸ

199 916 260 972 τοῦ
284 908 402 992 δήμου,
426 910 590 991 φυγόντες
613 905 650 972 δὲ
673 907 829 971 ἀπίκοντο
848 906 881 982 ἐς
899 908 1061 988 Μίλητον.
1084 916 1143 990 τῆς
1162 905 1198 972 δὲ
1266 945 1267 958 1

116 1053 118 1056 ·
199 1015 354 1096 Μιλήτου
372 1013 528 1098 ἐτύγχανε
547 1013 720 1098 ἐπίτροπος
738 1012 802 1078 ἐὼν
817 1006 1049 1097 Ἀρισταγόρης
1068 1010 1086 1077 ὁ
1105 1017 1198 1078 Μολ-

199 1120 364 1203 παγύρεω,
396 1121 543 1204 γαμβρός
571 1141 606 1183 τε
634 1118 698 1183 ἐὼν
724 1115 779 1182 καὶ
808 1117 942 1196 ἀνεψιὸς
959 1114 1117 1182 Ἱστιαίου
1138 1128 1199 1183 τοῦ

202 1226 416 1310 Λυσαγόρεω,
439 1226 499 1289 τὸν
521 1229 664 1309 Δαρεῖος
687 1222 723 1287 ἐν
746 1223 909 1288 Σούσοισι
930 1233 1064 1308 κατεῖχε.
1093 1223 1112 1288 ὁ
1135 1226 1198 1308 γάρ

194 1326 347 1407 Ἱστιαῖος
359 1312 523 1414 τύράννος
540 1323 583 1411 ἦν
596 1330 750 1411 Μιλήτου
763 1325 818 1392 καὶ
835 1326 993 1412 ἐτύγχανε
1006 1336 1126 1394 τοῦτον
1139 1331 1198 1394 τὸν

200 1438 324 1522 χρόνον
347 1435 412 1500 ἐὼν
435 1435 471 1499 ἐν
490 1433 662 1516 Σούσοισι,
687 1433 741 1498 ὅτε
764 1432 799 1498 οί
813 1433 934 1512 Νάξιοι
956 1429 1075 1516 ἦλθον,
1096 1433 1198 1513 ξεῖνοι

199 1539 279 1625 πρὶν
293 1541 401 1616 ε’ύντες
414 1547 459 1627 τῷ
469 1536 619 1627 Ἱστιαίῳ.
643 1539 835 1625 ἀπικόμενοι
849 1537 886 1606 δὲ
901 1540 936 1604 οί
947 1539 1067 1618 Νάξιοι
1085 1540 1119 1616 ἐς
1135 1542 1198 1624 τήν

199 1651 352 1730 Μίλητον
363 1644 495 1711 ἐδέοντο
504 1653 565 1711 τοῦ
571 1641 818 1730 Ἀρισταγόρεω,
833 1651 866 1712 εί
875 1669 940 1723 κως
954 1633 1083 1711 αὐτοῖσι
1095 1647 1198 1732 παρά-

200 1769 274 1836 σχοι
293 1751 437 1835 δύναμίν
454 1774 529 1816 τινα
551 1749 606 1816 καὶ
624 1751 818 1817 κατέλθοιεν
836 1751 870 1829 ές
886 1752 948 1835 τήν
968 1750 1107 1817 ἑωυτῶν.
1128 1750 1199 1818 ὅδὲ

200 1855 428 1948 ἐπιλεξάμενος
450 1857 504 1938 ὡς,
528 1856 570 1941 ήν
594 1851 638 1922 δι’
663 1855 767 1921 αὐτοῦ
788 1855 974 1921 κατέλθωσι
997 1857 1030 1932 ἐς
1057 1859 1118 1940 τήν
1140 1861 1198 1922 πό-

201 1969 265 2047 λιν,
285 1961 374 2047 ἀρξει
388 1970 445 2046 τῆς
459 1960 584 2044 Νάξου,
600 1969 721 2045 σκήήιιν
736 1957 773 2025 δὲ
786 1960 982 2044 ποιεύμενος
998 1962 1059 2044 τήν
1074 1961 1199 2046 ξεινίην

199 2071 260 2152 τήν
278 2065 446 2148 Ἱστιαίου,
468 2068 567 2132 τόνδε
590 2082 650 2151 σφι
668 2067 769 2148 λόγον
787 2065 987 2151 προσέφερε·
1010 2067 1119 2144 Αὐτὸς
1138 2068 1199 2150 μὲν

199 2174 280 2257 ὑμῖν
303 2173 343 2238 ού
367 2171 550 2257 φερέγγυός
572 2174 639 2256 είμι
662 2171 806 2254 δύναμιν
828 2181 1009 2256 παρασχεῖν
1032 2173 1198 2257 τοσαύτην

200 2279 282 2342 ὥστε
305 2279 457 2358 κατάγειν
480 2278 645 2342 ἀεκόντων
668 2286 734 2339 τῶν
756 2277 817 2359 τήν
839 2279 936 2342 πόλιν
960 2278 1103 2362 ἐχόντων
1127 2282 1198 2344 Να-

201 2383 293 2461 ξίων·
315 2383 529 2466 πυνθάνομαι
551 2384 614 2467 γάρ
638 2381 880 2466 ὀκτακισχιλίην
902 2383 1024 2448 ἀσπίδα
1043 2382 1198 2462 Ναξίοισι

200 2483 284 2554 εἶναι
307 2485 361 2551 καὶ
383 2492 481 2552 πλοῖα
504 2489 611 2572 μακρά
633 2487 752 2552 πολλά·
774 2491 1003 2573 μηχανήσομαι
1027 2486 1064 2554 δὲ
1086 2499 1196 2555 πᾶσαν

200 2593 350 2677 σπουδήν
377 2593 580 2677 ποιεύμενος.
618 2590 755 2658 ἐπινοέω
784 2590 821 2658 δὲ
848 2595 936 2678 τῇδε.
976 2592 1198 2682 Ἀρταφρένης

199 2724 256 2785 μοι
278 2698 432 2783 τυγχάνει
455 2699 519 2764 ἐὼν
538 2701 648 2782 φίλος
672 2697 690 2764 δ
709 2696 746 2764 δέ
761 2694 984 2785 Ἀρταφρένης
1002 2697 1197 2784 ὑμῐνὙστά-

200 2823 298 2882 σπεος
317 2805 378 2889 μέν
393 2803 461 2870 ἐστι
474 2814 560 2885 παῖς,
574 2805 722 2888 Δαρείου
737 2801 774 2868 δὲ
787 2812 848 2869 τοῦ
862 2804 1013 2888 βασιλέος
1027 2805 1197 2892 ἀδελφεός,

198 2923 266 2977 τῶν
290 2908 322 2976 δ’
349 2911 596 2976 ἐπιθαλασσίων
617 2921 684 2974 τῶν
708 2909 744 2976 ἐν
765 2918 805 2994 τῇ
824 2905 914 2996 Ἀσίη
938 2911 1030 2996 ἀρχει
1052 2912 1197 2996 πάντων,

200 3021 284 3102 ἔχων
308 3017 463 3100 στρατιήν
485 3038 520 3080 τε
542 3017 668 3099 πολλήν
685 3013 740 3080 καὶ
758 3017 882 3092 πολλάς
899 3015 983 3094 νέας.
1010 3025 1132 3084 τοῦτον
1151 3015 1198 3084 ὧν

200 3121 303 3188 δοκέω
326 3122 385 3185 τὸν
413 3122 519 3204 ἀνδρα
545 3124 696 3204 ποιήσειν
717 3131 784 3186 τῶν
807 3119 849 3186 ἀν
871 3125 1060 3208 χρηίζωμεν.
1094 3132 1199 3190 ταῦτα

199 3226 399 3302 ἀκούσαντες
415 3225 450 3290 οί
456 3226 576 3304 Νάξιοι
594 3226 803 3312 προσέθεσαν
816 3233 861 3314 τῷ
870 3223 1082 3314 Ἀρισταγόρη
1094 3233 1199 3315 πρήσ-

198 3347 271 3397 σειν
293 3340 332 3416 τή
356 3333 491 3396 δύναιτο
511 3333 627 3416 ἀριστα
645 3329 699 3396 καὶ
717 3330 917 3415 ὑπίσχεσθαι
935 3333 1025 3418 δῶρα
1044 3331 1199 3401 ἐκέλευον

71 3468 72 3472 “
198 3435 253 3502 καὶ
272 3437 422 3523 δαπάνην
445 3445 483 3523 τῇ
503 3443 636 3523 στρατιή
655 3435 699 3513 ὡς
718 3433 812 3501 αὐτοὶ
826 3437 1047 3519 διαλύσοντες,
1062 3439 1200 3517 ἐλπίδας
