2640 3960
379 231 446 288 ιιΒ.
461 231 507 288 vl.
545 234 622 289 οΑΡ.
642 239 688 303 ει,
703 241 806 304 γ-,ω
1037 237 1100 302 109

90 367 184 440 εἷλον
202 379 330 462 πλήρεα
347 377 480 461 ἀνδρῶν
495 387 562 442 τῶν
575 379 715 464 πρώτων
726 372 925 463 Ἀθηναίων,
945 383 1102 465 λαβόντες

92 478 130 545 δὲ
153 483 232 558 τοὺς
254 483 378 567 ἄνδρας
401 484 532 566 ἔδησαν.
567 481 741 568 Ἀθηναῖοι
761 481 798 548 δὲ
815 488 981 562 παθόντες
998 495 1101 552 ταῦτα
1120 505 1152 554 88

91 587 175 669 πρὸς
201 588 410 670 Αἰγινητέων
443 588 553 654 οὐκέτι
581 589 802 673 ἀνεβάλλοντο
830 591 874 674 μή
903 590 944 655 οὐ
971 591 1008 655 τὸ
1035 601 1101 656 πάν

92 695 349 776 μηχανήσασθαι
368 689 417 760 ἐπ’
434 697 641 781 Αἰγινήτῃσι.
674 693 730 760 καί
747 691 790 778 ήν
808 697 872 781 γάρ
891 697 1102 781 Νικόδρομος

93 801 249 864 Κνοίθου
268 802 465 884 καλεόμενος
483 800 520 866 ἰν
538 810 577 886 τῃ
596 803 718 887 Αἰγίνῃ
737 801 822 887 ἀνήρ
841 803 985 886 δόκιμος,
1005 797 1102 879 οὗτος

0 931 2 948 ³
93 907 304 990 μεμφόμενος
326 903 388 990 μέν
406 917 492 972 τοῖσι
510 909 708 993 Αἰγινήτῃσι
725 907 891 994 προτέρην
910 906 1036 974 ἑωυτοῦ
1053 907 1102 986 έξ-

94 1009 209 1075 ε’λασιν
232 1011 267 1076 ἐκ
289 1019 347 1096 τῆς
369 1014 485 1096 νήσου,
509 1014 630 1098 μαθὼν
653 1011 691 1078 δέ
712 1017 786 1079 τότε
808 1015 887 1089 τοὺς
904 1007 1104 1098 Ἀθηναίους
1124 1099 1128 1108 ι

94 1115 342 1203 ἀναρτημένους
356 1118 465 1204 ἕρδειν
477 1121 657 1203 Αἰγινήτας
670 1130 786 1202 κακῶς,
802 1123 994 1184 συντίθεται
1005 1114 1102 1202 Ἀθη-

93 1226 220 1288 ναίοισι
237 1226 423 1309 προδοσίην
436 1227 587 1309 Αἰγίνης,
607 1226 737 1311 φράσας
755 1225 792 1291 έν
810 1234 849 1310 τῃ
867 1247 902 1291 τε
915 1224 1019 1310 ήμέρῃ
1035 1225 1103 1290 έπι-

94 1331 240 1414 χειρήσει
261 1329 317 1396 καὶ
340 1331 487 1408 ἐκείνους
510 1331 543 1409 ές
564 1332 625 1416 τήν
647 1333 741 1415 ήκειν
760 1333 870 1416 δεήσει
888 1331 1103 1415 βοηθέοντας.

95 1437 175 1520 μετὰ
197 1445 300 1502 ταῦτα
322 1438 564 1522 καταλαμβάνει
586 1434 647 1522 μέν
673 1439 755 1503 κατά
778 1439 984 1521 συνεθήκατο
1005 1435 1102 1520 Ἀθη-

95 1545 222 1608 ναίοισι
244 1542 263 1608 δ
286 1544 498 1629 Νικόδρομος
519 1543 580 1627 τήν
602 1545 746 1628 παλαιήν
768 1543 971 1628 καλεομένην
994 1545 1102 1624 πόλιν,

96 1645 267 1732 Ἀθηναῖοι
290 1644 327 1714 δὲ
350 1647 391 1714 οὐ
412 1653 651 1734 παραγίνονται
673 1651 707 1727 ές
728 1649 818 1715 δέον·
847 1649 887 1715 οὐ
905 1651 967 1736 γὰρ
986 1652 1104 1734 ἔτυχον
1122 1669 1154 1718 89

63 1787 64 1790 “
97 1756 212 1822 ἐοῦσαι
234 1752 306 1832 νέες
326 1771 387 1839 σφι
405 1753 576 1840 ἀξιόμαχοι
592 1763 668 1841 τῇσι
685 1755 892 1840 Αἰγινητέων
911 1759 1102 1840 συμβαλεῖν.

97 1861 134 1927 έν
162 1853 189 1949 ᾧ
218 1857 266 1927 ὧν
288 1864 485 1946 Κορινθίων
513 1860 646 1926 έδέοντο
673 1871 793 1947 γρήσαι
821 1865 917 1946 σφίσι
943 1860 1035 1944 νέας,
1066 1861 1104 1926 έν

96 1968 204 2056 τούτῳ
224 1967 391 2052 διεφθάρη
414 1968 454 2032 τά
471 1969 653 2052 πρήγματα.
691 1968 727 2033 οἱ
747 1964 784 2032 δὲ
802 1970 994 2050 Κορίνθιοι,
1017 1962 1103 2050 ήσαν

96 2073 162 2157 γάρ
179 2089 240 2155 σφι
257 2082 378 2138 τοῦτον
395 2075 454 2138 τὸν
472 2076 596 2159 χρόνον
614 2077 708 2158 φίλοι
724 2073 759 2159 ές
777 2074 817 2146 τὰ
835 2073 984 2157 μάλιστα,
1005 2069 1103 2155 Ἀθη-

96 2182 223 2244 ναίοισι
255 2180 387 2244 διδοῦσι
420 2178 607 2264 δεομένοισι
640 2185 743 2244 εἰκοσι
774 2178 868 2262 νέας,
902 2180 1034 2244 διδοῦσι
1067 2175 1104 2243 δὲ

96 2285 368 2370 πενταδράχμους
391 2271 605 2369 ἀποδόμενοι·
634 2286 777 2368 δωτίνην
799 2285 862 2370 γὰρ
886 2283 922 2349 έν
944 2291 989 2371 τῷ
1011 2285 1103 2372 νόμφ

97 2392 161 2458 οὐκ
181 2390 257 2474 έξήν
281 2393 407 2456 δοῦναι.
443 2392 563 2467 ταύτας
584 2414 619 2455 τε
643 2391 684 2474 δή
703 2393 860 2474 λαβόντες
880 2391 915 2456 οἰ
931 2387 1105 2473 Ἀθηναῖοι

96 2496 154 2564 καὶ
176 2499 234 2574 τὰς
253 2496 424 2583 σφετέρας,
446 2497 677 2582 πληρώσαντες
700 2493 925 2580 ἑβδομήκοντα
947 2495 1026 2572 νέας
1046 2497 1105 2572 τὰς

97 2605 237 2687 ἁπάσας,
262 2607 378 2669 ἔπλεον
400 2602 453 2669 έπί
474 2606 535 2688 τήν
553 2609 697 2687 Αἴγιναν
719 2601 774 2667 καὶ
796 2602 981 2688 ὑστέρησαν
1000 2600 1104 2687 ἡμέρῃ

98 2717 158 2794 μιῇ
180 2716 238 2792 τῆς
260 2712 482 2792 συγκειμένης.
518 2709 729 2794 Νικόδρομος
752 2707 800 2792 δέ,
823 2708 868 2784 ὡς
886 2709 921 2772 οἰ
934 2706 1105 2789 Ἀθηναῖοι
1123 2725 1156 2772 90

99 2817 134 2894 ές
164 2819 224 2882 τὸν
251 2817 369 2902 καιρὸν
395 2814 436 2880 οὐ
463 2817 696 2898 παρεγίνοντο,
725 2813 758 2890 ἐς
784 2818 902 2878 πλοῖον
930 2811 1027 2894 έσβάς
1054 2811 1104 2876 ἐκ·

1 2954 3 2968 ’
99 2925 272 3008 διδρήσκει
294 2921 331 2987 ἐκ
351 2931 408 3005 τῆς
425 2922 579 3003 Αἰγίνης·
602 2922 666 2985 σὺν
689 2918 728 2984 δέ
749 2916 854 2983 ολκαί
872 2919 967 2982 άλλοι
985 2916 1105 2981 ἐκτῶν

98 3028 308 3116 Αἰγινητέων
331 3028 478 3109 εἵποντο,
502 3037 588 3091 τοῖσι
607 3020 780 3107 Ἀθηναῖοι
802 3024 952 3088 Σούνιον
976 3023 1105 3105 οἰκῆσαι

1 3143 2 3158 ’
98 3140 232 3204 ἔδοσαν.
277 3135 435 3222 ἐνθεῦτεν
463 3128 500 3196 δὲ
525 3127 618 3196 οὗτοι
641 3129 828 3214 ὁρμώμενοι
849 3129 971 3212 ἔφερόν
994 3150 1028 3192 τε
1050 3125 1106 3192 καὶ

98 3241 185 3329 ήγον
198 3244 278 3319 τοὺς
291 3240 328 3306 έν
341 3249 380 3325 τῇ
393 3240 485 3325 νήσῳ
499 3237 687 3320 Αἰγινήτας.
718 3243 820 3299 ταῦτα
834 3230 895 3318 μέν
911 3234 950 3315 δή
965 3232 1106 3319 ὕστερον

99 3352 243 3434 ἐγένετο,
271 3345 478 3430 Αἰγινητέων
510 3339 547 3408 δέ
575 3342 610 3406 οἰ
635 3339 751 3424 παχέες
778 3339 1019 3415 ἐπαναστάντος
1046 3347 1106 3404 τοῦ
1124 3356 1154 3405 91

100 3460 209 3542 δήμου
238 3470 300 3539 σφι
327 3454 393 3537 άμα
415 3450 615 3532 Νικοδρόμῳ
644 3446 882 3530 ἐπεκράτησαν,
914 3443 969 3509 καί
997 3445 1106 3511 ἔπειτά
