2572 3980
398 277 465 336 ωε.
484 277 517 334 v.
551 277 627 334 σεε.
647 285 759 334 ει-υ.
944 363 946 367 ,
1044 277 1085 346 13

81 423 227 506 Λήμνιοι
249 419 304 487 καὶ
331 421 531 508 ἐμαχέσαντο
555 416 593 487 εὖ
621 420 677 488 καλ
700 422 901 508 ἀμυνόμενοι
925 424 987 489 ἀνά
1009 427 1085 509 χρό-

80 551 143 592 νον
167 527 395 611 ἐκακώθησαν,
418 539 504 594 τοῖσι
528 524 564 594 δὲ
587 537 756 613 περιεοῦσι
779 529 888 594 αὐτῶν
906 531 942 595 οί
957 531 1084 614 Πέρσαι

81 633 233 718 ὕπαρχον
271 633 420 699 ἐπιστᾶσι
451 633 649 719 Λυκάρητον
682 635 757 724 τὸν
774 636 989 719 Μαιανδρίου
1024 645 1085 702 τοῦ

80 739 340 822 βασιλεύσαντος
366 740 485 825 Σάμου
513 739 685 824 ἀδελφεόν.
722 734 819 818 οὗτος
846 739 877 808 ὁ,
892 742 1085 827 Λυκάρητος

80 846 194 928 άρχων
217 844 254 909 ἐν
277 847 401 935 Λήμνφ
428 849 573 931 τελευτᾷ.
695 847 782 928 αἰτίη
807 841 844 910 δὲ
866 846 987 910 τούτου
1009 847 1085 929 ήδε·

80 952 207 1026 πάντας
239 949 495 1036 ἠνδραποδίζετο
528 947 583 1015 καὶ
620 950 874 1036 κατεστρέφετο,
911 953 989 1028 τοὺς
1025 949 1085 1037 μὲν

81 1059 314 1148 λιποστρατίης
342 1053 397 1122 ἐπὶ
422 1056 561 1134 Σκύθας
590 1056 797 1142 αἰτιώμενος,
826 1059 908 1133 ,τοὺς
935 1055 972 1122 δὲ
1000 1061 1086 1122 σίνε-

82 1169 166 1228 σθαι
189 1162 248 1226 τὸν
271 1165 420 1244 Δαρείου
443 1163 585 1245 στρατὸν
610 1163 695 1244 [τὸν]
719 1162 782 1228 ἀπὸ
801 1161 966 1229 Σκυθέων
981 1163 1085 1229 ὀπίσω

81 1268 370 1353 ἀποκομιζόμενον.
845 1277 855 1347 'f
1091 1349 1092 1352 Ἴ

172 1369 279 1450 Οὗτος
301 1371 362 1458 μέν
384 1397 449 1439 νυν
470 1382 614 1439 τοσαῦτα
636 1371 831 1460 ἐξεργάσατο
851 1376 1084 1459 στρατηγήσας,
1104 1391 1138 1440 28

82 1481 163 1564 μετά
182 1475 220 1544 δὲ
238 1479 279 1546 οὐ
297 1480 423 1544 πολλὸν
436 1481 560 1565 χρόνον
574 1480 685 1556 ἀνεσις
698 1490 809 1545 κακῶν
823 1477 875 1565 ἦν,
899 1479 953 1547 καί
968 1483 1084 1565 ήρχετο

81 1589 119 1652 τὸ
145 1586 304 1668 δεύτερον
322 1583 359 1650 ἐκ
376 1582 492 1662 Νάξου
514 1607 549 1649 τε
571 1581 627 1648 καὶ
645 1587 800 1669 Μιλήτου
814 1583 908 1650 Ἴωσι
930 1589 1085 1668 γίνεσθαι

81 1691 174 1757 κακά.
204 1699 302 1756 τοῦτο
322 1685 383 1773 μέν
400 1689 464 1774 γάρ
486 1688 507 1772 ή
531 1688 641 1768 Νάξος
664 1689 858 1776 εὐδαιμονίη
881 1702 949 1756 τῶν
971 1691 1085 1774 νήσων
1145 1761 1149 1769 ,

82 1795 260 1881 προέφερε,
282 1803 381 1882 τοῦτο
405 1791 444 1858 δὲ·
460 1795 542 1859 κατά
560 1795 619 1858 τὸν
638 1794 741 1860 αὐτὸν
754 1798 878 1880 χρόνον
895 1795 916 1878 ή
935 1799 1085 1876 Μίλητος

82 1903 166 1985 αὐτή
189 1924 224 1967 τε
247 1899 370 1984 ἑωυτῆς
392 1899 532 1984 μάλιστα
555 1901 596 1983 δή
614 1902 687 1965 τότε
706 1898 878 1985 ἀκμάσασα
896 1899 950 1964 καὶ
970 1901 1011 1983 δή
1030 1899 1086 1966 καὶ

82 2017 141 2092 τῆς
151 2005 279 2090 Ἰωνίης
296 2000 339 2088 ήν
352 2006 535 2090 πρόσχημα,
554 2005 741 2089 κατύπερθε
761 2002 798 2070 δὲ
811 2007 939 2070 τούτων
954 2003 1006 2070 ἐπὶ
1022 2007 1084 2071 δύο

82 2113 200 2197 γενεάς
213 2111 347 2203 ἀνδρῶν
360 2112 532 2194 νοσήσασα
547 2109 580 2186 ἐς
593 2113 633 2175 τδι
647 2111 787 2194 μάλιστα
805 2111 911 2193 στάσι,
931 2111 1024 2197 μέχρι
1044 2107 1085 2177 οὗ
1155 2191 1156 2194 ¹

83 2241 142 2303 μιν
161 2217 284 2301 Πάριοι
301 2219 512 2301 κατήρτισαν·
536 2217 675 2293 τούτους
693 2217 756 2301 γάρ
775 2219 1085 2302 καταρτιστῆραςέκ

83 2323 218 2404 πάντων
231 2319 399 2405 Ἑλλήνων
422 2322 551 2387 εἵλοντο
575 2323 611 2388 οί
625 2323 800 2405 Μιλήσιοι..
823 2323 1028 2406 κατήλλαξαν
1047 2321 1087 2388 δέ
1103 2341 1137 2390 νο

84 2445 189 2514 σφεας
221 2422 285 2493 ὧδε
318 2427 453 2512 Πάριοι·
498 2426 544 2504 ὣς
575 2427 731 2494 ἀπίκοντο
760 2428 870 2492 αὐτῶν
902 2429 1021 2514 ἀνδρες
1054 2429 1089 2492 οί

84 2537 215 2620 ἀριστοι
238 2533 271 2610 ές
292 2534 354 2616 τήν
376 2536 545 2616 Μίλητον,
569 2533 666 2617 ὥρων
688 2535 751 2616 γὰρ
776 2535 817 2616 δή
842 2550 945 2618 σφεας
969 2536 1086 2612 δεινῶς

85 2633 407 2725 οἰκοφθορημένους,
426 2640 555 2722 ἔφασαν
573 2639 683 2704 αὐτῶν
701 2639 884 2722 βούλεσθαι
904 2639 1085 2719 διεξελθεῖν

84 2747 146 2829 τήν
160 2746 280 2830 χώρην.
303 2753 473 2821 ποιεῦντες
487 2740 524 2809 δέ
537 2753 640 2810 ταῦτα
653 2743 708 2810 καλ
723 2743 898 2822 διεξιόντες
908 2753 1016 2809 πᾶσαν
1026 2747 1085 2828 τήν

84 2854 268 2935 Μιλησίην,
300 2850 384 2926 ὅκως
411 2851 487 2914 τινά
514 2850 619 2915 ίδοιεν
647 2847 685 2915 ἐν
712 2848 909 2934 ἀνεστηκυίῃ
932 2857 972 2934 τῇ
995 2851 1084 2935 χώρη

85 2957 192 3042 ἀγρὸν
215 2951 252 3021 εὖ
280 2953 535 3040 ἐξεργασμένον,
559 2953 790 3040 ἀπεγράφοντο
813 2955 850 3018 τὸ
875 2955 1003 3040 ούνομα
1025 2965 1086 3022 τοῦ

86 3064 252 3145 δεσπότεω
265 3069 326 3126 τοῦ
340 3059 453 3147 ἀγροῦ.
473 3060 716 3138 διεξελάσαντες
730 3056 767 3124 δὲ
780 3067 887 3124 πᾶσαν
901 3061 961 3143 τήν
975 3061 1086 3146 χώρην

85 3166 140 3233 καὶ
159 3168 321 3243 σπανίους
344 3166 497 3251 εὑρόντες
518 3165 666 3248 τούτους,
690 3165 734 3241 όις
751 3164 885 3256 τάχιστα
902 3166 1087 3249 κατέβησαν

88 3274 120 3352 ἐς
128 3277 165 3340 τὸ
176 3275 270 3355 ἀστυ,
288 3272 385 3356 ἀλίην
398 3271 615 3356 ποιησάμενοι
628 3268 788 3347 ἀπέδεξαν
801 3269 939 3346 τούτους
952 3269 1013 3356 μέν
1026 3275 1087 3357 τήν

87 3384 184 3447 πόλιν
198 3378 313 3464 νέμειν
326 3388 393 3443 τῶν
412 3373 512 3462 εὖρον
529 3378 608 3452 τοὺς
626 3375 749 3461 ἀγροὺς
767 3369 804 3440 εὖ
823 3373 1087 3462 ἐξεργασμένους·

88 3486 217 3554 δοκέειν
235 3485 299 3569 γάρ
323 3485 451 3567 ἔφασαν
473 3479 528 3547 καὶ
550 3491 617 3546 τῶν
637 3483 805 3566 δημοσίων
823 3480 909 3546 οὕτω
925 3484 966 3566 δή
985 3499 1087 3566 σφεας
