2678 3968
191 259 256 322 276
597 256 782 312 HERODOTI

191 406 225 465 εί
247 423 296 474 τις
322 401 390 463 ἔστι
413 403 557 485 μηχανή,
586 406 637 466 ίθι
659 398 713 465 καὶ
735 411 837 485 πειρῶ
861 399 987 485 διαχέαι
1008 402 1049 466 τά
1070 399 1189 484 βεβου-
1315 409 1316 494 ]

191 502 346 587 λευμένα,
373 507 416 588 ήν
437 529 503 582 κως
531 507 615 591 δύνῃ
642 505 831 589 ἀναγνῶσαι
853 507 1067 590 Εὐρυβιάδην
1093 529 1188 590 μετα·
1315 503 1316 580 ἶ

140 629 173 678 σε
192 609 439 692 βουλεύσασθαι
453 612 534 677 ὥστε
549 611 651 676 αὐτοῦ
665 609 784 694 μένειν.
812 611 914 696 κάρτα
926 634 961 677 τε
974 620 1019 699 τῷ
1034 616 1186 696 Θεμιστο-

191 713 263 779 κλέι·
274 715 369 798 ήρεσε
382 715 566 800 ήύποθήκη
579 714 634 780 καὶ
648 712 747 781 οὐδὲν
760 718 841 799 πρὸς
854 726 955 782 ταῦτα
969 717 1189 801 ἀμειψάμενος

191 821 242 902 ήιε
264 818 317 884 ἐπὶ
339 821 400 905 τήν
421 822 481 887 νέα
502 823 563 905 τήν
585 821 810 904 Εὐρυβιάδεω.
851 821 1046 906 ἀπικόμενος
1068 819 1105 886 δέ
1122 824 1187 906 ἔφη

192 923 321 990 ἐθέλειν
344 926 379 991 oc
397 929 512 991 κοινόν
533 948 565 990 τι
587 933 719 1011 πρῆγμα
737 927 900 1011 συμμῖξαι.
936 924 1008 992 66’
1034 927 1136 992 αὐτὸν
1153 927 1187 1004 ἐς
1314 919 1318 927 ’

190 1031 251 1114 τήν
274 1030 333 1096 νέα
356 1029 483 1096 ἐκέλευε
506 1031 645 1114 ἐσβάντα
668 1029 786 1113 λέγειν,
810 1038 843 1096 εί
855 1054 887 1096 τι
904 1030 1006 1097 θέλει.
1041 1031 1188 1097 ἐνθαῦτα
1318 1115 1319 1124 ¹

192 1135 210 1200 6
239 1135 474 1221 Θεμιστοκλέης
505 1138 718 1220 παριζόμενός
749 1137 785 1201 οί
812 1135 981 1220 καταλέγει
1012 1135 1119 1202 έκεῖνά
1151 1160 1187 1202 τε
1318 1125 1319 1148 ³

191 1242 297 1306 πάντα
319 1243 359 1306 τὰ
375 1243 496 1325 ήκουσε
515 1243 743 1325 Μνησιφίλου,
763 1239 888 1305 ἑωυτοῦ
906 1241 1109 1325 ποιεύμενος,
1131 1240 1187 1306 καὶ

192 1347 275 1411 ἀλλα
296 1347 401 1412 πολλὰ
422 1349 624 1432 προστιθείς,
648 1345 681 1422 ἐς
703 1345 722 1411 6
745 1344 910 1428 ἀνέγνωσε
932 1350 1073 1431 χρηίζων
1094 1345 1130 1412 ἔκ
1150 1370 1187 1413 τε
1319 1367 1320 1382 ’

191 1460 249 1535 τῆς
270 1454 344 1529 νεὸς
370 1450 505 1535 ἐκβῆναι
532 1449 684 1529 συλλέξαι
705 1474 740 1516 τε
766 1453 845 1528 τοὺς
871 1453 1072 1536 στρατηγοὺς
1094 1452 1127 1529 ές
1147 1454 1186 1518 τὸ

140 1576 174 1626 σε
192 1555 377 1641 συνέδριον.
409 1557 453 1633 ὡς
471 1552 508 1621 δὲ
526 1557 590 1641 ἀρα
604 1553 863 1640 συνελέχθησαν,
880 1553 959 1638 πρὶν
971 1554 992 1639 ή
1005 1557 1064 1620 τὸν
1077 1557 1187 1640 Εὐρυ-
1320 1563 1321 1568 ’

192 1662 312 1746 βιάδην
329 1667 505 1744 προθεῖναι
522 1662 583 1725 τὸν
600 1663 701 1744 λόγον
718 1671 785 1725 τῶν
803 1660 910 1724 εἵνεκα
928 1663 1091 1745 συνήγαγε
1107 1666 1187 1740 τοὺς

193 1769 403 1852 στρατηγούς,
422 1768 541 1847 πολλὸς
558 1762 601 1850 ήυ
619 1766 637 1831 6
653 1764 888 1851 Θεμιστοκλέης
906 1765 943 1830 ἐν
959 1777 1045 1831 τοῖσι
1058 1769 1186 1850 λόγοισι

193 1865 247 1937 οἷα
268 1873 369 1956 κάρτα
392 1873 554 1957 δεόμενος.
591 1871 744 1954 λέγοντος
766 1867 803 1935 δὲ
826 1871 930 1934 αὐτοῦ
952 1870 970 1935 6
992 1874 1185 1956 Κορινθίων
1318 1929 1322 1943 .

192 1979 372 2064 στρατηγὸς
386 1975 594 2062 Ἀδείμαντος
612 1972 779 2042 δ’ίλκύτου
793 1969 880 2041 εἶπε·
893 1967 932 2040 Ὠ
946 1979 1185 2061 Θεμιστόκλεες,

193 2083 230 2148 ἐν
251 2095 337 2149 τοῖσι
359 2083 462 2166 ἀγῶσι
485 2084 520 2148 οί
539 2080 850 2168 προεξανιστάμενοι
872 2079 1070 2162 ῥαπίζονται.
1107 2083 1125 2148 6
1149 2081 1186 2150 δὲ

193 2187 416 2272 ἀπολυόμενος
438 2192 514 2273 ἔφη’
544 2189 588 2254 Οί
608 2186 647 2253 δέ
666 2211 704 2271 γε
726 2186 1030 2270 ἐγκαταλειπόμενοι
1053 2187 1094 2252 οὐ
1115 2205 1187 2254 στε-

142 2313 175 2360 οο
195 2302 387 2375 φανοῦνται.
425 2293 496 2358 τότε
509 2291 570 2377 μὲν
583 2288 687 2376 ἠπίως
702 2289 807 2376 [πρὸς]
821 2287 881 2356 τὸν
894 2294 1080 2376 Κορίνθιον
1098 2292 1187 2377 ἀμεί-

193 2405 288 2477 ψατο,
311 2398 392 2480 πρὸς
414 2394 451 2461 δὲ
472 2398 532 2461 τὸν
554 2397 769 2481 Εὐρυβιάδην
791 2399 882 2480 ἔλεγε
904 2396 1039 2462 ἐκείνων
1061 2394 1121 2482 μέν
1139 2401 1187 2464 ἔτι

194 2496 295 2566 οὐδὲν
320 2512 386 2566 τῶν
412 2503 574 2586 πρότερον
595 2501 795 2585 λεχθέντων,
823 2502 867 2578 ὡς
889 2501 986 2567 έπεάν
1008 2501 1187 2588 ἀπαείρωσι

194 2606 256 2672 ἀπὸ
271 2611 458 2691 Σαλαμῖνος
477 2607 725 2692 διαδρήσονται·
742 2609 933 2690 παρεόντων
950 2608 1012 2692 γάρ
1026 2618 1092 2673 τῶν
1106 2625 1187 2693 συμ-

194 2713 307 2798 μάχων
329 2713 390 2778 οὐκ
412 2711 511 2797 ἔφερέ
531 2713 566 2778 οί
585 2714 709 2796 κόσμον
728 2711 849 2777 οὐδένα
866 2711 1088 2797 κατηγορέειν·
1111 2714 1129 2780 6
1149 2711 1187 2780 δὲ

160 2847 179 2881 α
197 2820 299 2884 άλλου
330 2822 431 2903 λόγου
463 2825 580 2904 είχετο,
612 2817 718 2901 λέγων
744 2817 834 2882 τάδε·
867 2815 922 2882 Ἐν
949 2816 1003 2884 σοὶ
1029 2827 1092 2884 νῦν
1119 2819 1187 2885 ἐστὶ

195 2934 298 2990 σῶσαι
324 2925 385 3008 τήν
402 2922 557 3007 Ἑλλάδα,
584 2923 627 3008 ήν
654 2921 726 3006 ἐμοὶ
752 2924 852 3007 πείθη
875 2926 1061 3008 ναυμαχίην
1084 2925 1187 2992 αὐτοῦ

194 3031 303 3114 μένων
317 3029 489 3096 ποιέεσθαι
502 3026 584 3114 μηδὲ
597 3031 793 3114 πενθύμενος
810 3028 939 3095 τούτων
956 3039 1042 3093 τοῖσι
1060 3032 1188 3113 λύγοισι

194 3133 370 3222 ἀναζεύξῃς
399 3137 481 3222 πρὸς
510 3137 570 3202 τὸν
594 3130 727 3219 Ἰσθμὸν
753 3135 810 3211 τὰς
836 3131 921 3210 νέας.
966 3134 1099 3212 ἀντίθες
1124 3137 1187 3219 γάρ

195 3238 349 3326 ἑκάτερον
376 3241 526 3319 ἀκούσας.
568 3241 650 3325 πρὸς
680 3236 742 3324 μὲν
767 3247 813 3327 τῷ
838 3233 959 3327 Ἰσθμῷ
990 3241 1188 3324 συμβάλλων

195 3344 232 3410 ἐν
258 3345 391 3428 πελάγει
416 3344 668 3434 ἀναπεπταμένῳ
695 3345 929 3429 ναυμαχήσεις,
959 3343 992 3420 ἐς
1012 3347 1050 3410 τὸ
1072 3346 1187 3429 ήκιστα

195 3449 274 3533 ημῖν
287 3451 462 3534 σύμφορόν
480 3451 548 3516 ἐστι
565 3450 642 3527 νέας
656 3452 769 3534 ἔχουσι’
780 3448 962 3536 βαρυτέρας
974 3448 1029 3516 καλ
1042 3449 1188 3536 ἀριθμὸν
