<?xml version="1.0" encoding="UTF-8"?>
<!DOCTYPE html PUBLIC "-//W3C//DTD XHTML 1.0 Transitional//EN"
    "http://www.w3.org/TR/xhtml1/DTD/xhtml1-transitional.dtd">
<html xmlns="http://www.w3.org/1999/xhtml" xml:lang="en" lang="en">
 <head>
  <title>
</title>
<meta http-equiv="Content-Type" content="text/html;charset=utf-8" />
  <meta name='ocr-system' content='tesseract 3.04.00' />
  <meta name='ocr-capabilities' content='ocr_page ocr_carea ocr_par ocr_line ocrx_word'/>
</head>
<body>
  <div class='ocr_page' id='page_1' title='image "./herodotihistori07herogoog_0175.png"; bbox 0 0 2640 3960; ppageno 0'>
   <div class='ocr_carea' id='block_1_1' title="bbox 187 221 788 309">
    <p class='ocr_par' dir='ltr' id='par_1_1' title="bbox 187 221 788 309">
     <span class='ocr_line' id='line_1_1' title="bbox 187 221 788 309; baseline -0.003 -12"><span class='ocrx_word' id='word_1_1' title='bbox 187 244 249 309; x_wconf 89' lang='lat'><strong><em>118</em></strong></span> <span class='ocrx_word' id='word_1_2' title='bbox 271 221 275 228; x_wconf 80' lang='grc'><em>“</em></span> <span class='ocrx_word' id='word_1_3' title='bbox 600 241 788 297; x_wconf 75' lang='grc' dir='ltr'><strong><em>Ηυιιοοονι</em></strong></span> 
     </span>
    </p>
   </div>
   <div class='ocr_carea' id='block_1_2' title="bbox 185 378 1316 894">
    <p class='ocr_par' dir='ltr' id='par_1_2' title="bbox 185 378 1316 894">
     <span class='ocr_line' id='line_1_2' title="bbox 186 378 1221 472; baseline -0.009 -18"><span class='ocrx_word' id='word_1_4' title='bbox 186 389 266 467; x_wconf 76' lang='grc' dir='ltr'><strong><em>ὄψιν</em></strong></span> <span class='ocrx_word' id='word_1_5' title='bbox 302 388 501 472; x_wconf 76' lang='grc' dir='ltr'><strong><em>συνεβάλετο</em></strong></span> <span class='ocrx_word' id='word_1_6' title='bbox 536 384 786 471; x_wconf 76' lang='grc' dir='ltr'><strong><em>ἐξεληλυθέναι·</em></strong></span> <span class='ocrx_word' id='word_1_7' title='bbox 821 380 1027 468; x_wconf 90' lang='grc' dir='ltr'><strong><em>Ἀθηναίοισι</em></strong></span> <span class='ocrx_word' id='word_1_8' title='bbox 1062 378 1099 449; x_wconf 68' lang='grc' dir='ltr'><strong><em>δέ</em></strong></span> <span class='ocrx_word' id='word_1_9' title='bbox 1138 404 1189 446; x_wconf 86' lang='grc' dir='ltr'><strong><em>τε·</em></strong></span> <span class='ocrx_word' id='word_1_10' title='bbox 1215 381 1221 403; x_wconf 92' lang='grc'><em>’</em></span> 
     </span>
     <span class='ocr_line' id='line_1_3' title="bbox 185 487 1191 578; baseline -0.004 -20"><span class='ocrx_word' id='word_1_11' title='bbox 185 492 375 578; x_wconf 77' lang='grc' dir='ltr'><strong><em>ταχμένοισι</em></strong></span> <span class='ocrx_word' id='word_1_12' title='bbox 403 493 440 560; x_wconf 91' lang='grc' dir='ltr'><strong><em>ἐν</em></strong></span> <span class='ocrx_word' id='word_1_13' title='bbox 466 492 595 578; x_wconf 85' lang='grc' dir='ltr'><strong><em>τεμένεῖ</em></strong></span> <span class='ocrx_word' id='word_1_14' title='bbox 615 489 793 578; x_wconf 81' lang='grc' dir='ltr'><strong><em>Ἡρακλέος</em></strong></span> <span class='ocrx_word' id='word_1_15' title='bbox 820 489 968 575; x_wconf 76' lang='grc' dir='ltr'><strong><em>ἐπῆλθον</em></strong></span> <span class='ocrx_word' id='word_1_16' title='bbox 991 487 1191 574; x_wconf 79' lang='grc' dir='ltr'><strong><em>βοηθέοντες</em></strong></span> 
     </span>
     <span class='ocr_line' id='line_1_4' title="bbox 191 581 1316 683; baseline -0.004 -19"><span class='ocrx_word' id='word_1_17' title='bbox 191 598 370 676; x_wconf 81' lang='grc' dir='ltr'><strong><em>Πλαταιέες</em></strong></span> <span class='ocrx_word' id='word_1_18' title='bbox 396 601 574 683; x_wconf 90' lang='grc' dir='ltr'><strong><em>πανδημεί·</em></strong></span> <span class='ocrx_word' id='word_1_19' title='bbox 601 595 656 664; x_wconf 82' lang='grc' dir='ltr'><strong><em>καὶ</em></strong></span> <span class='ocrx_word' id='word_1_20' title='bbox 682 599 746 682; x_wconf 81' lang='grc' dir='ltr'><strong><em>γάρ</em></strong></span> <span class='ocrx_word' id='word_1_21' title='bbox 772 595 828 662; x_wconf 83' lang='grc' dir='ltr'><strong><em>καὶ</em></strong></span> <span class='ocrx_word' id='word_1_22' title='bbox 855 596 1059 664; x_wconf 79' lang='grc' dir='ltr'><strong><em>ἐδεδώκεσαν</em></strong></span> <span class='ocrx_word' id='word_1_23' title='bbox 1086 594 1191 680; x_wconf 91' lang='grc' dir='ltr'><strong><em>σφέας</em></strong></span> <span class='ocrx_word' id='word_1_24' title='bbox 1315 581 1316 600; x_wconf 58' lang='grc'>’</span> 
     </span>
     <span class='ocr_line' id='line_1_5' title="bbox 187 701 1191 796; baseline -0.004 -26"><span class='ocrx_word' id='word_1_25' title='bbox 187 704 308 783; x_wconf 85' lang='grc' dir='ltr'><strong><em>αὐτούς</em></strong></span> <span class='ocrx_word' id='word_1_26' title='bbox 336 716 422 771; x_wconf 88' lang='grc' dir='ltr'><strong><em>τοῖσι</em></strong></span> <span class='ocrx_word' id='word_1_27' title='bbox 451 702 659 788; x_wconf 85' lang='grc' dir='ltr'><strong><em>Ἀθηναίοισι</em></strong></span> <span class='ocrx_word' id='word_1_28' title='bbox 678 703 727 796; x_wconf 56' lang='grc' dir='ltr'><strong><em>ὀί</em></strong></span> <span class='ocrx_word' id='word_1_29' title='bbox 756 701 949 786; x_wconf 74' lang='grc' dir='ltr'><strong><em>Πλαταιέες,</em></strong></span> <span class='ocrx_word' id='word_1_30' title='bbox 981 701 1035 768; x_wconf 83' lang='grc' dir='ltr'><strong><em>καὶ</em></strong></span> <span class='ocrx_word' id='word_1_31' title='bbox 1065 705 1191 779; x_wconf 79' lang='grc' dir='ltr'><strong><em>πόνους</em></strong></span> 
     </span>
     <span class='ocr_line' id='line_1_6' title="bbox 185 806 1191 894; baseline -0.004 -18"><span class='ocrx_word' id='word_1_32' title='bbox 185 806 268 894; x_wconf 70' lang='grc' dir='ltr'><strong><em>ὑπὲρ</em></strong></span> <span class='ocrx_word' id='word_1_33' title='bbox 306 811 416 878; x_wconf 83' lang='grc' dir='ltr'><strong><em>αύτων</em></strong></span> <span class='ocrx_word' id='word_1_34' title='bbox 453 811 521 894; x_wconf 71' lang='lat' dir='ltr'>[os]</span> <span class='ocrx_word' id='word_1_35' title='bbox 555 807 727 893; x_wconf 82' lang='grc' dir='ltr'><strong><em>Ἀθηναῖοι</em></strong></span> <span class='ocrx_word' id='word_1_36' title='bbox 768 811 912 894; x_wconf 82' lang='grc' dir='ltr'><strong><em>συχνοὺς</em></strong></span> <span class='ocrx_word' id='word_1_37' title='bbox 951 811 1014 893; x_wconf 74' lang='grc' dir='ltr'><strong><em>ἤδη</em></strong></span> <span class='ocrx_word' id='word_1_38' title='bbox 1056 808 1191 893; x_wconf 83' lang='grc' dir='ltr'><strong><em>ἀναραι-</em></strong></span> 
     </span>
    </p>
   </div>
   <div class='ocr_carea' id='block_1_3' title="bbox 187 911 1317 1002">
    <p class='ocr_par' dir='ltr' id='par_1_3' title="bbox 187 911 1317 1002">
     <span class='ocr_line' id='line_1_7' title="bbox 187 911 1317 1002; baseline -0.009 -18"><span class='ocrx_word' id='word_1_39' title='bbox 187 917 299 1002; x_wconf 92' lang='grc' dir='ltr'><strong><em>ρέατο·</em></strong></span> <span class='ocrx_word' id='word_1_40' title='bbox 331 918 453 984; x_wconf 82' lang='grc' dir='ltr'><strong><em>ἔδοσαν</em></strong></span> <span class='ocrx_word' id='word_1_41' title='bbox 480 915 517 983; x_wconf 76' lang='grc' dir='ltr'><strong><em>δὲ</em></strong></span> <span class='ocrx_word' id='word_1_42' title='bbox 544 911 618 984; x_wconf 79' lang='grc' dir='ltr'><strong><em>ὧδε.</em></strong></span> <span class='ocrx_word' id='word_1_43' title='bbox 663 915 867 1000; x_wconf 79' lang='grc' dir='ltr'><strong><em>πιεζεύμενοι</em></strong></span> <span class='ocrx_word' id='word_1_44' title='bbox 889 916 954 981; x_wconf 88' lang='grc' dir='ltr'><strong><em>ὑπὸ</em></strong></span> <span class='ocrx_word' id='word_1_45' title='bbox 979 917 1135 998; x_wconf 81' lang='grc' dir='ltr'><strong><em>Θηβαίων</em></strong></span> <span class='ocrx_word' id='word_1_46' title='bbox 1159 915 1195 979; x_wconf 88' lang='grc' dir='ltr'><strong><em>οί</em></strong></span> <span class='ocrx_word' id='word_1_47' title='bbox 1311 929 1317 960; x_wconf 66' lang='grc'><strong><em>·</em></strong></span> 
     </span>
    </p>
   </div>
   <div class='ocr_carea' id='block_1_4' title="bbox 185 1020 1318 1850">
    <p class='ocr_par' dir='ltr' id='par_1_4' title="bbox 185 1020 1318 1850">
     <span class='ocr_line' id='line_1_8' title="bbox 187 1020 1190 1108; baseline -0.003 -20"><span class='ocrx_word' id='word_1_48' title='bbox 187 1021 367 1100; x_wconf 82' lang='grc' dir='ltr'><strong><em>Πλαταιέες</em></strong></span> <span class='ocrx_word' id='word_1_49' title='bbox 393 1023 550 1089; x_wconf 88' lang='grc' dir='ltr'><strong><em>ἐδίδοσαν</em></strong></span> <span class='ocrx_word' id='word_1_50' title='bbox 572 1033 685 1108; x_wconf 85' lang='grc' dir='ltr'><strong><em>πρῦτα</em></strong></span> <span class='ocrx_word' id='word_1_51' title='bbox 706 1030 932 1107; x_wconf 82' lang='grc' dir='ltr'><strong><em>παρατυχοῦσι</em></strong></span> <span class='ocrx_word' id='word_1_52' title='bbox 954 1020 1139 1106; x_wconf 84' lang='grc' dir='ltr'><strong><em>Κλεομένεΐ</em></strong></span> <span class='ocrx_word' id='word_1_53' title='bbox 1156 1043 1190 1085; x_wconf 86' lang='grc' dir='ltr'><strong><em>τε</em></strong></span> 
     </span>
     <span class='ocr_line' id='line_1_9' title="bbox 185 1126 1318 1218; baseline -0.004 -24"><span class='ocrx_word' id='word_1_54' title='bbox 185 1138 230 1217; x_wconf 79' lang='grc' dir='ltr'><strong><em>τῷ</em></strong></span> <span class='ocrx_word' id='word_1_55' title='bbox 256 1126 517 1213; x_wconf 76' lang='grc' dir='ltr'><strong><em>Ἀναξανδρίδεω</em></strong></span> <span class='ocrx_word' id='word_1_56' title='bbox 541 1126 595 1194; x_wconf 81' lang='grc' dir='ltr'><strong><em>καὶ</em></strong></span> <span class='ocrx_word' id='word_1_57' title='bbox 618 1130 911 1213; x_wconf 87' lang='grc' dir='ltr'><strong><em>Λακεδαιμονίοισι</em></strong></span> <span class='ocrx_word' id='word_1_58' title='bbox 935 1126 1037 1213; x_wconf 91' lang='grc' dir='ltr'><strong><em>σφέας</em></strong></span> <span class='ocrx_word' id='word_1_59' title='bbox 1060 1127 1190 1202; x_wconf 88' lang='grc' dir='ltr'><strong><em>αὐτούς.</em></strong></span> <span class='ocrx_word' id='word_1_60' title='bbox 1317 1207 1318 1218; x_wconf 17' lang='lat'>¹</span> 
     </span>
     <span class='ocr_line' id='line_1_10' title="bbox 187 1229 1318 1322; baseline -0.004 -22"><span class='ocrx_word' id='word_1_61' title='bbox 187 1235 223 1300; x_wconf 87' lang='grc' dir='ltr'><strong><em>οί</em></strong></span> <span class='ocrx_word' id='word_1_62' title='bbox 242 1231 279 1300; x_wconf 72' lang='grc' dir='ltr'><strong><em>δέ</em></strong></span> <span class='ocrx_word' id='word_1_63' title='bbox 302 1233 344 1300; x_wconf 88' lang='grc' dir='ltr'><strong><em>οὐ</em></strong></span> <span class='ocrx_word' id='word_1_64' title='bbox 367 1235 538 1319; x_wconf 89' lang='grc' dir='ltr'><strong><em>δεκόμενοι</em></strong></span> <span class='ocrx_word' id='word_1_65' title='bbox 559 1235 674 1317; x_wconf 79' lang='grc' dir='ltr'><strong><em>ἔλεγόν</em></strong></span> <span class='ocrx_word' id='word_1_66' title='bbox 697 1251 758 1318; x_wconf 85' lang='grc' dir='ltr'><strong><em>σφι</em></strong></span> <span class='ocrx_word' id='word_1_67' title='bbox 784 1234 877 1299; x_wconf 87' lang='grc' dir='ltr'><strong><em>τάδε·</em></strong></span> <span class='ocrx_word' id='word_1_68' title='bbox 901 1230 1013 1318; x_wconf 83' lang='grc' dir='ltr'><strong><em>Ἡμεῖς</em></strong></span> <span class='ocrx_word' id='word_1_69' title='bbox 1035 1229 1095 1318; x_wconf 77' lang='grc' dir='ltr'><strong><em>μὲν</em></strong></span> <span class='ocrx_word' id='word_1_70' title='bbox 1119 1231 1191 1297; x_wconf 85' lang='grc' dir='ltr'><strong><em>ἑκα-</em></strong></span> <span class='ocrx_word' id='word_1_71' title='bbox 1317 1305 1318 1322; x_wconf 23' lang='grc' dir='ltr'><strong><em>χ</em></strong></span> 
     </span>
     <span class='ocr_line' id='line_1_11' title="bbox 187 1333 1192 1425; baseline -0.003 -19"><span class='ocrx_word' id='word_1_72' title='bbox 187 1338 291 1425; x_wconf 90' lang='grc' dir='ltr'><strong><em>στέρω</em></strong></span> <span class='ocrx_word' id='word_1_73' title='bbox 324 1363 360 1406; x_wconf 87' lang='grc' dir='ltr'><strong><em>τε</em></strong></span> <span class='ocrx_word' id='word_1_74' title='bbox 391 1338 542 1425; x_wconf 81' lang='grc' dir='ltr'><strong><em>οἰκέομεν</em></strong></span> <span class='ocrx_word' id='word_1_75' title='bbox 574 1337 629 1404; x_wconf 81' lang='grc' dir='ltr'><strong><em>καὶ</em></strong></span> <span class='ocrx_word' id='word_1_76' title='bbox 660 1339 741 1425; x_wconf 80' lang='grc' dir='ltr'><strong><em>ὑμῖν</em></strong></span> <span class='ocrx_word' id='word_1_77' title='bbox 771 1341 884 1424; x_wconf 78' lang='grc' dir='ltr'><strong><em>τοιήδε</em></strong></span> <span class='ocrx_word' id='word_1_78' title='bbox 914 1363 964 1417; x_wconf 92' lang='grc' dir='ltr'><strong><em>τις</em></strong></span> <span class='ocrx_word' id='word_1_79' title='bbox 993 1333 1112 1423; x_wconf 80' lang='grc' dir='ltr'><strong><em>γίνοιτ’</em></strong></span> <span class='ocrx_word' id='word_1_80' title='bbox 1149 1337 1192 1403; x_wconf 80' lang='grc' dir='ltr'><strong><em>ἂν</em></strong></span> 
     </span>
     <span class='ocr_line' id='line_1_12' title="bbox 187 1443 1191 1531; baseline -0.003 -20"><span class='ocrx_word' id='word_1_81' title='bbox 187 1445 357 1531; x_wconf 81' lang='grc' dir='ltr'><strong><em>ἐπικουρίη</em></strong></span> <span class='ocrx_word' id='word_1_82' title='bbox 380 1448 503 1530; x_wconf 79' lang='grc' dir='ltr'><strong><em>ψυχρή·</em></strong></span> <span class='ocrx_word' id='word_1_83' title='bbox 534 1447 678 1528; x_wconf 80' lang='grc' dir='ltr'><strong><em>φθαίητε</em></strong></span> <span class='ocrx_word' id='word_1_84' title='bbox 705 1446 768 1530; x_wconf 83' lang='grc' dir='ltr'><strong><em>γάρ</em></strong></span> <span class='ocrx_word' id='word_1_85' title='bbox 792 1445 834 1510; x_wconf 89' lang='grc' dir='ltr'><strong><em>διν</em></strong></span> <span class='ocrx_word' id='word_1_86' title='bbox 856 1445 1012 1521; x_wconf 77' lang='grc' dir='ltr'><strong><em>πολλάκις</em></strong></span> <span class='ocrx_word' id='word_1_87' title='bbox 1034 1443 1191 1529; x_wconf 81' lang='grc' dir='ltr'><strong><em>ἐξανδρα-</em></strong></span> 
     </span>
     <span class='ocr_line' id='line_1_13' title="bbox 186 1549 1191 1636; baseline -0.003 -18"><span class='ocrx_word' id='word_1_88' title='bbox 186 1551 402 1628; x_wconf 89' lang='grc' dir='ltr'><strong><em>ποδισθέντες</em></strong></span> <span class='ocrx_word' id='word_1_89' title='bbox 423 1551 445 1635; x_wconf 70' lang='grc' dir='ltr'><em>ἦ</em></span> <span class='ocrx_word' id='word_1_90' title='bbox 466 1573 542 1616; x_wconf 90' lang='grc' dir='ltr'><strong><em>τινα</em></strong></span> <span class='ocrx_word' id='word_1_91' title='bbox 563 1549 734 1617; x_wconf 87' lang='grc' dir='ltr'><strong><em>πυθέσθαι</em></strong></span> <span class='ocrx_word' id='word_1_92' title='bbox 756 1549 874 1636; x_wconf 79' lang='grc' dir='ltr'><strong><em>ἡμέων.</em></strong></span> <span class='ocrx_word' id='word_1_93' title='bbox 920 1551 1191 1635; x_wconf 89' lang='grc' dir='ltr'><strong><em>συμβουλεύομεν</em></strong></span> 
     </span>
     <span class='ocr_line' id='line_1_14' title="bbox 188 1653 1190 1742; baseline -0.004 -18"><span class='ocrx_word' id='word_1_94' title='bbox 188 1655 224 1724; x_wconf 72' lang='grc' dir='ltr'><strong><em>δὲ</em></strong></span> <span class='ocrx_word' id='word_1_95' title='bbox 255 1657 334 1742; x_wconf 86' lang='grc' dir='ltr'><strong><em>ὑμῖν</em></strong></span> <span class='ocrx_word' id='word_1_96' title='bbox 367 1659 487 1722; x_wconf 88' lang='grc' dir='ltr'><strong><em>δοῦναι</em></strong></span> <span class='ocrx_word' id='word_1_97' title='bbox 518 1655 621 1741; x_wconf 80' lang='grc' dir='ltr'><strong><em>ὑμέας</em></strong></span> <span class='ocrx_word' id='word_1_98' title='bbox 653 1656 773 1732; x_wconf 79' lang='grc' dir='ltr'><strong><em>αὐτοὺς</em></strong></span> <span class='ocrx_word' id='word_1_99' title='bbox 801 1653 1024 1739; x_wconf 77' lang='grc' dir='ltr'><strong><em>Ἀθηναίοισι,</em></strong></span> <span class='ocrx_word' id='word_1_100' title='bbox 1055 1660 1190 1740; x_wconf 77' lang='grc' dir='ltr'><strong><em>πλησιο·</em></strong></span> 
     </span>
     <span class='ocr_line' id='line_1_15' title="bbox 186 1760 1191 1850; baseline -0.001 -22"><span class='ocrx_word' id='word_1_101' title='bbox 186 1766 326 1850; x_wconf 81' lang='grc' dir='ltr'><strong><em>χάροισί</em></strong></span> <span class='ocrx_word' id='word_1_102' title='bbox 348 1787 384 1829; x_wconf 91' lang='grc' dir='ltr'><strong><em>τε</em></strong></span> <span class='ocrx_word' id='word_1_103' title='bbox 416 1763 558 1849; x_wconf 77' lang='grc' dir='ltr'><strong><em>ἀνδράσι</em></strong></span> <span class='ocrx_word' id='word_1_104' title='bbox 584 1761 639 1827; x_wconf 81' lang='grc' dir='ltr'><strong><em>καὶ</em></strong></span> <span class='ocrx_word' id='word_1_105' title='bbox 665 1760 838 1847; x_wconf 85' lang='grc' dir='ltr'><strong><em>τιμωρέειν</em></strong></span> <span class='ocrx_word' id='word_1_106' title='bbox 865 1761 958 1827; x_wconf 84' lang='grc' dir='ltr'><strong><em>ἐοῦσι</em></strong></span> <span class='ocrx_word' id='word_1_107' title='bbox 984 1761 1026 1826; x_wconf 85' lang='grc' dir='ltr'><strong><em>οὐ</em></strong></span> <span class='ocrx_word' id='word_1_108' title='bbox 1051 1773 1191 1828; x_wconf 87' lang='grc' dir='ltr'><strong><em>κακοῖσι.</em></strong></span> 
     </span>
    </p>
   </div>
   <div class='ocr_carea' id='block_1_5' title="bbox 186 1867 1319 1953">
    <p class='ocr_par' dir='ltr' id='par_1_5' title="bbox 186 1867 1319 1953">
     <span class='ocr_line' id='line_1_16' title="bbox 186 1867 1319 1953; baseline -0.003 -17"><span class='ocrx_word' id='word_1_109' title='bbox 186 1881 288 1938; x_wconf 87' lang='grc' dir='ltr'><strong><em>ταῦτα</em></strong></span> <span class='ocrx_word' id='word_1_110' title='bbox 307 1871 551 1953; x_wconf 86' lang='grc' dir='ltr'><strong><em>συνεβούλευον</em></strong></span> <span class='ocrx_word' id='word_1_111' title='bbox 569 1869 605 1934; x_wconf 84' lang='grc' dir='ltr'><strong><em>οί</em></strong></span> <span class='ocrx_word' id='word_1_112' title='bbox 619 1869 877 1951; x_wconf 85' lang='grc' dir='ltr'><strong><em>Λακεδαιμόνιοι</em></strong></span> <span class='ocrx_word' id='word_1_113' title='bbox 896 1867 937 1932; x_wconf 88' lang='grc' dir='ltr'><strong><em>οὐ</em></strong></span> <span class='ocrx_word' id='word_1_114' title='bbox 954 1869 1036 1934; x_wconf 81' lang='grc' dir='ltr'><strong><em>κατὰ</em></strong></span> <span class='ocrx_word' id='word_1_115' title='bbox 1055 1869 1192 1952; x_wconf 83' lang='grc' dir='ltr'><strong><em>εύνοίηι·</em></strong></span> <span class='ocrx_word' id='word_1_116' title='bbox 1314 1930 1319 1945; x_wconf 78' lang='grc'><em>,</em></span> 
     </span>
    </p>
   </div>
   <div class='ocr_carea' id='block_1_6' title="bbox 187 1969 1196 3014">
    <p class='ocr_par' dir='ltr' id='par_1_6' title="bbox 187 1969 1196 3014">
     <span class='ocr_line' id='line_1_17' title="bbox 188 1969 1192 2058; baseline -0.001 -16"><span class='ocrx_word' id='word_1_117' title='bbox 188 1977 274 2042; x_wconf 81' lang='grc' dir='ltr'><strong><em>οὕτω</em></strong></span> <span class='ocrx_word' id='word_1_118' title='bbox 296 1986 363 2040; x_wconf 82' lang='grc' dir='ltr'><strong><em>τῶν</em></strong></span> <span class='ocrx_word' id='word_1_119' title='bbox 383 1973 577 2040; x_wconf 86' lang='grc' dir='ltr'><strong><em>Πλαταιέων</em></strong></span> <span class='ocrx_word' id='word_1_120' title='bbox 606 1974 651 2050; x_wconf 82' lang='grc' dir='ltr'><strong><em>ὡς</em></strong></span> <span class='ocrx_word' id='word_1_121' title='bbox 673 1975 871 2058; x_wconf 90' lang='grc' dir='ltr'><strong><em>βουλόμενοι</em></strong></span> <span class='ocrx_word' id='word_1_122' title='bbox 893 1974 971 2050; x_wconf 86' lang='grc' dir='ltr'><strong><em>τοὺς</em></strong></span> <span class='ocrx_word' id='word_1_123' title='bbox 993 1969 1192 2058; x_wconf 86' lang='grc' dir='ltr'><strong><em>Ἀθηναίους</em></strong></span> 
     </span>
     <span class='ocr_line' id='line_1_18' title="bbox 187 2081 1193 2168; baseline -0.001 -21"><span class='ocrx_word' id='word_1_124' title='bbox 187 2086 274 2168; x_wconf 84' lang='grc' dir='ltr'><strong><em>ἔχειν</em></strong></span> <span class='ocrx_word' id='word_1_125' title='bbox 304 2083 429 2158; x_wconf 86' lang='grc' dir='ltr'><strong><em>πόνους</em></strong></span> <span class='ocrx_word' id='word_1_126' title='bbox 456 2092 678 2157; x_wconf 80' lang='grc' dir='ltr'><strong><em>συνεστεῶτας</em></strong></span> <span class='ocrx_word' id='word_1_127' title='bbox 704 2083 889 2145; x_wconf 85' lang='grc' dir='ltr'><strong><em>Βοιωτοῖσι.</em></strong></span> <span class='ocrx_word' id='word_1_128' title='bbox 934 2081 1193 2164; x_wconf 85' lang='grc' dir='ltr'><strong><em>Λακεδαιμόνιοι</em></strong></span> 
     </span>
     <span class='ocr_line' id='line_1_19' title="bbox 188 2183 1195 2271; baseline 0.002 -19"><span class='ocrx_word' id='word_1_129' title='bbox 188 2185 248 2271; x_wconf 90' lang='grc' dir='ltr'><strong><em>μέν</em></strong></span> <span class='ocrx_word' id='word_1_130' title='bbox 274 2211 340 2252; x_wconf 88' lang='grc' dir='ltr'><strong><em>νυν</em></strong></span> <span class='ocrx_word' id='word_1_131' title='bbox 367 2191 569 2252; x_wconf 89' lang='grc' dir='ltr'><strong><em>Πλαταιεῦσι</em></strong></span> <span class='ocrx_word' id='word_1_132' title='bbox 595 2194 698 2250; x_wconf 90' lang='grc' dir='ltr'><strong><em>ταῦτα</em></strong></span> <span class='ocrx_word' id='word_1_133' title='bbox 725 2186 982 2269; x_wconf 85' lang='grc' dir='ltr'><strong><em>συνεβούλευον,</em></strong></span> <span class='ocrx_word' id='word_1_134' title='bbox 1012 2187 1047 2251; x_wconf 73' lang='lat' dir='ltr'><strong><em>ol</em></strong></span> <span class='ocrx_word' id='word_1_135' title='bbox 1067 2183 1104 2252; x_wconf 71' lang='grc' dir='ltr'><strong><em>δὲ</em></strong></span> <span class='ocrx_word' id='word_1_136' title='bbox 1131 2189 1195 2254; x_wconf 88' lang='grc' dir='ltr'><strong><em>ούκ</em></strong></span> 
     </span>
     <span class='ocr_line' id='line_1_20' title="bbox 188 2285 1193 2375; baseline 0.004 -19"><span class='ocrx_word' id='word_1_137' title='bbox 188 2293 385 2375; x_wconf 73' lang='grc' dir='ltr'><strong><em>ἠπίστησαν,</em></strong></span> <span class='ocrx_word' id='word_1_138' title='bbox 409 2288 479 2357; x_wconf 79' lang='grc' dir='ltr'><strong><em>ἀλλ’</em></strong></span> <span class='ocrx_word' id='word_1_139' title='bbox 503 2285 690 2375; x_wconf 74' lang='grc' dir='ltr'><strong><em>Ἀθηναίων</em></strong></span> <span class='ocrx_word' id='word_1_140' title='bbox 718 2291 772 2375; x_wconf 84' lang='grc' dir='ltr'><strong><em>ίρδ</em></strong></span> <span class='ocrx_word' id='word_1_141' title='bbox 794 2293 977 2358; x_wconf 88' lang='grc' dir='ltr'><strong><em>ποιεύντων</em></strong></span> <span class='ocrx_word' id='word_1_142' title='bbox 998 2303 1085 2358; x_wconf 90' lang='grc' dir='ltr'><strong><em>τοῖσι</em></strong></span> <span class='ocrx_word' id='word_1_143' title='bbox 1108 2294 1193 2360; x_wconf 82' lang='grc' dir='ltr'><strong><em>δυά·</em></strong></span> 
     </span>
     <span class='ocr_line' id='line_1_21' title="bbox 189 2393 1191 2482; baseline 0.004 -20"><span class='ocrx_word' id='word_1_144' title='bbox 189 2398 267 2462; x_wconf 86' lang='grc' dir='ltr'><strong><em>δεκα</em></strong></span> <span class='ocrx_word' id='word_1_145' title='bbox 293 2403 404 2461; x_wconf 88' lang='grc' dir='ltr'><strong><em>θεοῖσι</em></strong></span> <span class='ocrx_word' id='word_1_146' title='bbox 432 2393 533 2460; x_wconf 84' lang='grc' dir='ltr'><strong><em>ἱκέται</em></strong></span> <span class='ocrx_word' id='word_1_147' title='bbox 562 2397 704 2480; x_wconf 74' lang='grc' dir='ltr'><strong><em>ἱζόμενοι</em></strong></span> <span class='ocrx_word' id='word_1_148' title='bbox 732 2394 784 2462; x_wconf 84' lang='grc' dir='ltr'><strong><em>ἐπὶ</em></strong></span> <span class='ocrx_word' id='word_1_149' title='bbox 810 2399 870 2462; x_wconf 88' lang='grc' dir='ltr'><strong><em>τὸν</em></strong></span> <span class='ocrx_word' id='word_1_150' title='bbox 896 2399 1010 2482; x_wconf 90' lang='grc' dir='ltr'><strong><em>βωμὸν</em></strong></span> <span class='ocrx_word' id='word_1_151' title='bbox 1036 2398 1191 2466; x_wconf 85' lang='grc' dir='ltr'><strong><em>ἐδίδοσαν</em></strong></span> 
     </span>
     <span class='ocr_line' id='line_1_22' title="bbox 189 2489 1194 2590; baseline 0.005 -22"><span class='ocrx_word' id='word_1_152' title='bbox 189 2489 439 2588; x_wconf 69' lang='grc' dir='ltr'><strong><em>σφέαςίιύτούς.</em></strong></span> <span class='ocrx_word' id='word_1_153' title='bbox 472 2504 612 2584; x_wconf 83' lang='grc' dir='ltr'><strong><em>Θηβαῖοι</em></strong></span> <span class='ocrx_word' id='word_1_154' title='bbox 631 2500 668 2567; x_wconf 73' lang='grc' dir='ltr'><strong><em>δὲ</em></strong></span> <span class='ocrx_word' id='word_1_155' title='bbox 681 2506 868 2587; x_wconf 89' lang='grc' dir='ltr'><strong><em>πυθόμενοι</em></strong></span> <span class='ocrx_word' id='word_1_156' title='bbox 881 2513 983 2572; x_wconf 88' lang='grc' dir='ltr'><strong><em>ταῦτα</em></strong></span> <span class='ocrx_word' id='word_1_157' title='bbox 997 2505 1194 2590; x_wconf 81' lang='grc' dir='ltr'><strong><em>ἐστράτευον</em></strong></span> 
     </span>
     <span class='ocr_line' id='line_1_23' title="bbox 189 2602 1195 2695; baseline 0.004 -21"><span class='ocrx_word' id='word_1_158' title='bbox 189 2605 242 2675; x_wconf 83' lang='grc' dir='ltr'><strong><em>έπλ</em></strong></span> <span class='ocrx_word' id='word_1_159' title='bbox 263 2610 341 2684; x_wconf 87' lang='grc' dir='ltr'><strong><em>τοὺς</em></strong></span> <span class='ocrx_word' id='word_1_160' title='bbox 360 2604 557 2682; x_wconf 88' lang='grc' dir='ltr'><strong><em>Πλαταιέας·</em></strong></span> <span class='ocrx_word' id='word_1_161' title='bbox 577 2602 750 2690; x_wconf 87' lang='grc' dir='ltr'><strong><em>Ἀθηναῖοι</em></strong></span> <span class='ocrx_word' id='word_1_162' title='bbox 773 2608 812 2674; x_wconf 87' lang='grc' dir='ltr'><strong><em>δέ</em></strong></span> <span class='ocrx_word' id='word_1_163' title='bbox 833 2626 893 2693; x_wconf 85' lang='grc' dir='ltr'><strong><em>σφι</em></strong></span> <span class='ocrx_word' id='word_1_164' title='bbox 912 2610 1082 2694; x_wconf 74' lang='grc' dir='ltr'><strong><em>ἐβοήθεον.</em></strong></span> <span class='ocrx_word' id='word_1_165' title='bbox 1118 2618 1195 2695; x_wconf 84' lang='grc' dir='ltr'><strong><em>μελ·</em></strong></span> 
     </span>
     <span class='ocr_line' id='line_1_24' title="bbox 189 2708 1193 2808; baseline 0.002 -27"><span class='ocrx_word' id='word_1_166' title='bbox 189 2717 317 2781; x_wconf 86' lang='grc' dir='ltr'><strong><em>λόντων</em></strong></span> <span class='ocrx_word' id='word_1_167' title='bbox 345 2708 382 2778; x_wconf 77' lang='grc' dir='ltr'><strong><em>δὲ</em></strong></span> <span class='ocrx_word' id='word_1_168' title='bbox 409 2712 588 2778; x_wconf 87' lang='grc' dir='ltr'><strong><em>συνάπτειν</em></strong></span> <span class='ocrx_word' id='word_1_169' title='bbox 616 2713 723 2798; x_wconf 82' lang='grc' dir='ltr'><strong><em>μάχην</em></strong></span> <span class='ocrx_word' id='word_1_170' title='bbox 746 2717 926 2800; x_wconf 87' lang='grc' dir='ltr'><strong><em>Κορίνθιοι</em></strong></span> <span class='ocrx_word' id='word_1_171' title='bbox 950 2716 991 2780; x_wconf 86' lang='grc' dir='ltr'><strong><em>οὐ</em></strong></span> <span class='ocrx_word' id='word_1_172' title='bbox 1013 2721 1193 2808; x_wconf 80' lang='grc' dir='ltr'><strong><em>περιεῖδον,</em></strong></span> 
     </span>
     <span class='ocr_line' id='line_1_25' title="bbox 189 2816 1194 2908; baseline 0.002 -22"><span class='ocrx_word' id='word_1_173' title='bbox 189 2822 432 2908; x_wconf 78' lang='grc' dir='ltr'><strong><em>παρατυχόντες</em></strong></span> <span class='ocrx_word' id='word_1_174' title='bbox 454 2816 491 2884; x_wconf 73' lang='grc' dir='ltr'><strong><em>δὲ</em></strong></span> <span class='ocrx_word' id='word_1_175' title='bbox 513 2816 568 2884; x_wconf 86' lang='grc' dir='ltr'><strong><em>καὶ</em></strong></span> <span class='ocrx_word' id='word_1_176' title='bbox 590 2819 847 2899; x_wconf 82' lang='grc' dir='ltr'><strong><em>καταλλάξαντες</em></strong></span> <span class='ocrx_word' id='word_1_177' title='bbox 870 2820 1116 2906; x_wconf 80' lang='grc' dir='ltr'><strong><em>ἐπιτρεψάντων</em></strong></span> <span class='ocrx_word' id='word_1_178' title='bbox 1134 2824 1194 2908; x_wconf 89' lang='grc' dir='ltr'><strong><em>άμ-</em></strong></span> 
     </span>
     <span class='ocr_line' id='line_1_26' title="bbox 190 2924 1196 3014; baseline -0.001 -20"><span class='ocrx_word' id='word_1_179' title='bbox 190 2926 341 3014; x_wconf 88' lang='grc' dir='ltr'><strong><em>φοτέρων</em></strong></span> <span class='ocrx_word' id='word_1_180' title='bbox 359 2926 500 3010; x_wconf 80' lang='grc' dir='ltr'><strong><em>οὔρισαν</em></strong></span> <span class='ocrx_word' id='word_1_181' title='bbox 517 2927 578 3009; x_wconf 79' lang='grc' dir='ltr'><strong><em>την</em></strong></span> <span class='ocrx_word' id='word_1_182' title='bbox 596 2926 708 3011; x_wconf 83' lang='grc' dir='ltr'><strong><em>χώρην</em></strong></span> <span class='ocrx_word' id='word_1_183' title='bbox 726 2924 778 2992; x_wconf 81' lang='grc' dir='ltr'><strong><em>ἐπὶ</em></strong></span> <span class='ocrx_word' id='word_1_184' title='bbox 796 2928 932 3011; x_wconf 88' lang='grc' dir='ltr'><strong><em>τοισίδε,</em></strong></span> <span class='ocrx_word' id='word_1_185' title='bbox 951 2927 1010 2992; x_wconf 85' lang='grc' dir='ltr'><strong><em>έᾶν</em></strong></span> <span class='ocrx_word' id='word_1_186' title='bbox 1026 2930 1196 3012; x_wconf 79' lang='grc' dir='ltr'><strong><em>Θηβαίους</em></strong></span> 
     </span>
    </p>
   </div>
   <div class='ocr_carea' id='block_1_7' title="bbox 66 3031 1193 3128">
    <p class='ocr_par' dir='ltr' id='par_1_7' title="bbox 66 3031 1193 3128">
     <span class='ocr_line' id='line_1_27' title="bbox 66 3031 1193 3128; baseline 0 -29"><span class='ocrx_word' id='word_1_187' title='bbox 66 3121 70 3128; x_wconf 24' lang='lat'>¹</span> <span class='ocrx_word' id='word_1_188' title='bbox 191 3037 346 3099; x_wconf 84' lang='grc' dir='ltr'><strong><em>Βοιωτῶν</em></strong></span> <span class='ocrx_word' id='word_1_189' title='bbox 378 3034 456 3108; x_wconf 85' lang='grc' dir='ltr'><strong><em>τοὺς</em></strong></span> <span class='ocrx_word' id='word_1_190' title='bbox 483 3031 527 3116; x_wconf 80' lang='grc' dir='ltr'><strong><em>μὴ</em></strong></span> <span class='ocrx_word' id='word_1_191' title='bbox 556 3031 780 3117; x_wconf 90' lang='grc' dir='ltr'><strong><em>βουλομένους</em></strong></span> <span class='ocrx_word' id='word_1_192' title='bbox 807 3033 841 3110; x_wconf 84' lang='grc' dir='ltr'><strong><em>ἐς</em></strong></span> <span class='ocrx_word' id='word_1_193' title='bbox 867 3035 1036 3111; x_wconf 85' lang='grc' dir='ltr'><strong><em>Βοιωτοὺς</em></strong></span> <span class='ocrx_word' id='word_1_194' title='bbox 1060 3033 1193 3099; x_wconf 88' lang='grc' dir='ltr'><strong><em>τελέειν.</em></strong></span> 
     </span>
    </p>
   </div>
   <div class='ocr_carea' id='block_1_8' title="bbox 190 3134 1195 3540">
    <p class='ocr_par' dir='ltr' id='par_1_8' title="bbox 190 3134 1195 3540">
     <span class='ocr_line' id='line_1_28' title="bbox 190 3134 1193 3224; baseline 0.003 -22"><span class='ocrx_word' id='word_1_195' title='bbox 190 3141 370 3220; x_wconf 88' lang='grc' dir='ltr'><strong><em>Κορίνθιοι</em></strong></span> <span class='ocrx_word' id='word_1_196' title='bbox 392 3134 454 3221; x_wconf 72' lang='grc' dir='ltr'><strong><em>μέν</em></strong></span> <span class='ocrx_word' id='word_1_197' title='bbox 477 3138 518 3220; x_wconf 80' lang='grc' dir='ltr'><strong><em>δὴ</em></strong></span> <span class='ocrx_word' id='word_1_198' title='bbox 541 3145 644 3202; x_wconf 86' lang='grc' dir='ltr'><strong><em>ταῦτα</em></strong></span> <span class='ocrx_word' id='word_1_199' title='bbox 661 3141 797 3220; x_wconf 76' lang='grc' dir='ltr'><strong><em>γνόντες</em></strong></span> <span class='ocrx_word' id='word_1_200' title='bbox 815 3138 1074 3222; x_wconf 83' lang='grc' dir='ltr'><strong><em>ἀπαλλάσσοντο,</em></strong></span> <span class='ocrx_word' id='word_1_201' title='bbox 1095 3134 1193 3224; x_wconf 84' lang='grc' dir='ltr'><strong><em>Ἀθη-</em></strong></span> 
     </span>
     <span class='ocr_line' id='line_1_29' title="bbox 190 3239 1194 3329; baseline 0.006 -23"><span class='ocrx_word' id='word_1_202' title='bbox 190 3245 314 3308; x_wconf 87' lang='grc' dir='ltr'><strong><em>ναίοισι</em></strong></span> <span class='ocrx_word' id='word_1_203' title='bbox 338 3239 374 3308; x_wconf 76' lang='grc' dir='ltr'><strong><em>δέ</em></strong></span> <span class='ocrx_word' id='word_1_204' title='bbox 397 3242 532 3308; x_wconf 84' lang='grc' dir='ltr'><strong><em>ἀπιοῦσι</em></strong></span> <span class='ocrx_word' id='word_1_205' title='bbox 551 3242 754 3327; x_wconf 75' lang='grc' dir='ltr'><strong><em>ἐπεθήκαντο</em></strong></span> <span class='ocrx_word' id='word_1_206' title='bbox 772 3247 924 3327; x_wconf 90' lang='grc' dir='ltr'><strong><em>Βοιωτοί,</em></strong></span> <span class='ocrx_word' id='word_1_207' title='bbox 948 3244 1137 3329; x_wconf 84' lang='grc' dir='ltr'><strong><em>ἐπιθέμενοι</em></strong></span> <span class='ocrx_word' id='word_1_208' title='bbox 1156 3243 1194 3312; x_wconf 76' lang='grc' dir='ltr'><strong><em>δέ</em></strong></span> 
     </span>
     <span class='ocr_line' id='line_1_30' title="bbox 192 3343 1195 3434; baseline 0.006 -22"><span class='ocrx_word' id='word_1_209' title='bbox 192 3346 389 3430; x_wconf 81' lang='grc' dir='ltr'><strong><em>ἑσσώθησαν</em></strong></span> <span class='ocrx_word' id='word_1_210' title='bbox 411 3356 451 3434; x_wconf 76' lang='grc' dir='ltr'><strong><em>τη</em></strong></span> <span class='ocrx_word' id='word_1_211' title='bbox 474 3349 569 3434; x_wconf 88' lang='grc' dir='ltr'><strong><em>μάχη.</em></strong></span> <span class='ocrx_word' id='word_1_212' title='bbox 605 3348 806 3434; x_wconf 84' lang='grc' dir='ltr'><strong><em>ὑπερβάντες</em></strong></span> <span class='ocrx_word' id='word_1_213' title='bbox 823 3345 861 3414; x_wconf 77' lang='grc' dir='ltr'><strong><em>δέ</em></strong></span> <span class='ocrx_word' id='word_1_214' title='bbox 879 3350 914 3414; x_wconf 87' lang='grc' dir='ltr'><strong><em>οί</em></strong></span> <span class='ocrx_word' id='word_1_215' title='bbox 926 3343 1098 3433; x_wconf 82' lang='grc' dir='ltr'><strong><em>Ἀθηναῖοι</em></strong></span> <span class='ocrx_word' id='word_1_216' title='bbox 1115 3355 1195 3430; x_wconf 87' lang='grc' dir='ltr'><strong><em>τοῦς</em></strong></span> 
     </span>
     <span class='ocr_line' id='line_1_31' title="bbox 191 3449 1195 3540; baseline 0.007 -23"><span class='ocrx_word' id='word_1_217' title='bbox 191 3453 226 3518; x_wconf 86' lang='grc' dir='ltr'><strong><em>οί</em></strong></span> <span class='ocrx_word' id='word_1_218' title='bbox 239 3456 419 3540; x_wconf 85' lang='grc' dir='ltr'><strong><em>Κορίνθιοι</em></strong></span> <span class='ocrx_word' id='word_1_219' title='bbox 439 3457 564 3535; x_wconf 84' lang='grc' dir='ltr'><strong><em>ἔθηκαν</em></strong></span> <span class='ocrx_word' id='word_1_220' title='bbox 579 3458 783 3519; x_wconf 86' lang='grc' dir='ltr'><strong><em>Πλαταιεῦσι</em></strong></span> <span class='ocrx_word' id='word_1_221' title='bbox 801 3449 886 3520; x_wconf 77' lang='grc' dir='ltr'><strong><em>εἶναι</em></strong></span> <span class='ocrx_word' id='word_1_222' title='bbox 905 3455 1037 3535; x_wconf 80' lang='grc' dir='ltr'><strong><em>οὔρους,</em></strong></span> <span class='ocrx_word' id='word_1_223' title='bbox 1055 3459 1195 3535; x_wconf 86' lang='grc' dir='ltr'><strong><em>τούτους</em></strong></span> 
     </span>
    </p>
   </div>
   <div class='ocr_carea' id='block_1_9' title="bbox 0 0 1329 3960">
    <p class='ocr_par' dir='ltr' id='par_1_9' title="bbox 0 0 1329 3960">
     <span class='ocr_line' id='line_1_32' title="bbox 0 0 1329 3960; baseline 0 0"><span class='ocrx_word' id='word_1_224' title='bbox 0 0 1329 3960; x_wconf 95' lang='lat' dir='ltr'><strong><em> </em></strong></span> 
     </span>
    </p>
   </div>
  </div>
 </body>
</html>
