2678 3968
214 259 279 324 242
626 255 813 323 HERODOTI

215 425 249 466 τε
271 398 326 466 καὶ
347 411 511 483 πυκνοῖσι,
535 406 666 486 οίχοντο
689 400 868 484 φεύγοντες
891 397 943 464 ἐπὶ
965 407 1025 464 τοῦ
1048 400 1142 484 όρεος
1159 399 1221 462 τὸν

214 509 394 591 κόρυμβον,
414 505 621 590 ἐπιστάμενοι
639 506 684 582 ὡς
702 503 755 570 ἐπὶ
773 504 876 589 σφέας
891 504 1089 589 ὁρμήθησαν
1102 503 1220 587 ἀρχήν,

214 610 269 677 καὶ
286 611 550 698 παρεσκευάδατο
565 611 609 687 ὡς
623 611 846 695 ἀπολεόμενοι.
869 605 961 677 οὗτοι
982 606 1043 693 μὲν
1062 610 1102 692 δη
1116 617 1220 674 ταῦτα

215 716 392 803 ἐφρόνεον,
423 717 458 782 ολ
478 713 515 781 δὲ
538 715 622 810 ἀμφὶ
641 713 815 801 Ἐπιάλτην
838 715 893 782 καὶ
911 713 1068 798 Ὑδάρνεα
1091 713 1219 799 Πέρσαι

126 889 132 900 ,
219 823 362 890 Φωκέων
381 819 442 908 μὲν
461 821 582 887 οὐδένα
600 825 701 905 λόγον
721 823 900 904 ἐποιεῦντο,
921 823 956 886 οί
972 819 1008 886 δὲ
1022 818 1219 904 κατέβαινον

147 953 214 1004 ’περ
223 930 260 995 τὸ
288 931 366 1014 όρος
391 929 473 993 κατά
501 928 606 1012 τάχος.
637 940 724 993 τοῖσι
753 925 790 994 δέ
812 928 849 993 ἐν
872 928 1104 1012 Θερμοπύλῃσι
1126 926 1219 992 ἐοῦσι
1323 937 1326 1012 ’χ

211 1032 378 1118 Ἑλλήνων
405 1045 537 1119 πρῶτον
567 1030 627 1118 μέν
650 1032 669 1098 δ
696 1033 811 1117 μάντις
833 1037 1015 1117 Μεγιστίης
1031 1032 1158 1097 ἐσιδὼν
1187 1033 1220 1110 ἐς

214 1141 254 1206 τά
286 1141 341 1225 ίρά
368 1143 495 1223 ,ἔφρασε
526 1140 585 1204 τὸν
617 1137 778 1223 μέλλοντα
811 1141 946 1204 ἔσεσθαι
978 1139 1044 1222 ἅμα
1075 1137 1132 1222 ηοδ
1158 1154 1219 1222 σφι

215 1245 373 1311 θάνατον.
405 1243 457 1310 ἐπὶ
481 1241 517 1309 δὲ
539 1241 593 1308 καὶ
616 1242 794 1327 αὐτόμολοι
816 1235 901 1327 ἦσαν
920 1245 955 1309 οί
975 1243 1220 1328 ἐξαγγείλαντες

214 1362 282 1417 τῶν
314 1349 472 1435 Περσέων
503 1350 564 1433 τὴν
595 1350 760 1433 περίοδον.
799 1343 891 1414 οὗτοι
926 1345 987 1433 μὲν
1023 1352 1071 1414 ἐτι
1100 1351 1220 1426 νυκτὸς

215 1456 398 1541 ἐσήμηναν,
434 1458 539 1536 τρίτοι
571 1451 607 1519 δὲ
641 1454 675 1519 οί
703 1453 923 1539 ἡμεροσκόποι
955 1457 1219 1541 καταδραμόντες

215 1563 278 1628 ἀπὸ
305 1573 372 1627 τῶν
399 1563 509 1646 ἄκρων
540 1562 604 1644 ἤδη
637 1545 880 1644 διαφαινούσης
910 1558 1041 1644 ἡμέρης.
1072 1561 1219 1626 ἐνθαῦτα

217 1668 433 1752 ἐβουλεύοντο
457 1667 492 1731 οί
503 1663 669 1750 Ἕλληνες,
695 1669 753 1730 καί
768 1682 881 1750 σφεων
900 1665 1064 1750 ἐσχίζοντο
1083 1666 1121 1732 αί
1134 1678 1219 1750 γνῶ-

216 1793 288 1859 μαι·
315 1775 350 1838 οί
374 1769 434 1858 μὲν
462 1772 525 1856 γάρ
553 1771 615 1838 οὐκ
642 1773 706 1836 ἐων
732 1772 793 1854 τὴν
820 1769 912 1848 τάξιν
941 1771 1099 1854 ἐκλιπεῖν,
1127 1773 1163 1837 οί
1183 1771 1220 1838 δὲ

216 1879 411 1946 ἀντέτεινον.
443 1879 522 1963 μετά
545 1875 582 1942 δὲ
604 1887 702 1943 τοῦτο
727 1876 952 1964 διακριθέντες
975 1878 1010 1942 οί
1033 1874 1103 1962 μέν’
1120 1877 1219 1943 ἀπαλ-

217 1987 378 2074 λάσσοντο
396 1983 451 2050 καὶ
471 1981 765 2060 διασκεδασθέντες
778 1984 859 2048 κατά
872 1985 966 2058 πόλις
985 1981 1114 2048 ἕκαστοι
1128 1985 1219 2071 ἐτρά-
1315 1937 1326 2070 ἀ

216 2114 329 2174 ποντο,
353 2092 390 2162 ολ,
408 2087 444 2155 δέ
468 2090 577 2156 αὐτῶν
600 2090 666 2174 ἅμα
684 2091 837 2174 Λεωνίδη
861 2087 972 2172 μένειν
995 2089 1098 2154 αὐτοῦ
1120 2111 1219 2176 παρε-

153 2196 416 2268 ἶτεεοσκευάδατο.
438 2190 577 2278 Ιλέγεται
604 2193 640 2260 δὲ
663 2193 717 2260 καὶ
740 2195 784 2271 ὡς
806 2194 905 2270 αὐτός
927 2210 1031 2277 σφεας
1053 2193 1220 2280 ἀπέπεμψε
1325 2225 1326 2282 3

218 2302 398 2382 Λεωνίδης,
413 2302 457 2384 μη
472 2300 659 2366 ἀπόλωνται
672 2301 866 2384 κηδόμενος·
885 2299 973 2386 αὐτῷ
989 2296 1025 2364 δὲ
1038 2298 1093 2364 καὶ
1106 2305 1220 2388 Σπαρ-
1325 2305 1326 2370 ζ

217 2403 355 2488 τιητέωυ
381 2415 467 2468 τοῖσι
489 2415 648 2488 παρεοῦσι
672 2405 732 2470 οὐκ
755 2408 840 2490 ἔχειν
870 2403 1055 2490 εὐπρεπέως
1078 2406 1220 2474 ἐκλιπεῖν
1283 2486 1287 2492 ,

218 2512 279 2595 την
301 2509 392 2588 τάξιν
416 2509 449 2586 ἐς
470 2511 531 2593 τὴν
553 2505 671 2599 ἦλθον,
684 2510 884 2594 φυλάξοντες
902 2511 1015 2597 ἀρχήν.
1045 2513 1147 2598 ταύτη
1166 2513 1220 2578 καὶ

219 2601 344 2703 μᾶλλον
361 2615 496 2700 γνώμην
510 2618 659 2693 πλεῖστός
676 2618 752 2700 είμι,
771 2619 955 2700 Λεωνίδην,
975 2617 1077 2683 ἐπείτε
1095 2617 1219 2704 ᾔσθετο
1325 2629 1326 2708 3

218 2727 295 2801 τούς
321 2723 511 2808 συμμάχους
534 2721 646 2800 ἐόντας
673 2721 889 2807 ἀπροθύμους
914 2720 969 2788 καὶ
997 2723 1058 2788 οὐκ
1085 2721 1220 2789 ἐθέλον·
1325 2729 1326 2736 ’

220 2855 275 2908 τας
289 2828 629 2911 συνδιακινδυνεύειν,
648 2831 802 2893 κελεῦσαί
819 2844 922 2913 σφεας
940 2828 1218 2910 ἀπαλλάσσεσθαι,

219 2937 306 3025 αὐτῷ
335 2931 372 3002 δὲ
398 2933 526 2999 ἀπιέναι
556 2934 597 3000 οὐ
623 2939 729 3010 καλῶς
757 2937 852 3018 ἔχειν.
884 2933 1017 3017 μένοντι
1049 2931 1085 3000 δέ
1117 2935 1220 3002 αὐτοῦ
1314 2937 1326 3000 ⁴]

217 3042 312 3119 κλέος
338 3040 420 3126 μέγα
447 3040 604 3122 ἐλείπετο,
632 3037 686 3106 καὶ
712 3039 733 3123 ἡ
757 3041 912 3125 Σπάρτης
939 3039 1130 3125 εὐδαιμονίη
1159 3041 1220 3107 οὐκ

220 3147 414 3231 ἐξηλείφετο.
438 3145 609 3232 ἐκέχρηστο
628 3147 691 3228 γάρ
710 3145 773 3211 ὑπὸ
787 3154 844 3229 τῆς
859 3149 993 3229 Πυθίης
1005 3150 1220 3229 τοῖστΣπαρ-

218 3255 346 3338 τιητησι
372 3250 586 3336 χρεωμένοισι
607 3250 683 3338 περὶ
705 3249 773 3318 τοῦΙ
787 3250 932 3336 πολέμου
953 3252 1074 3317 τούτου
1104 3251 1220 3316 αὐτίκα

218 3355 289 3423 κατ’
324 3357 424 3442 ἀρχάς
455 3356 683 3444 ἐγειρομένου,
719 3357 739 3441 ἢ
772 3358 1002 3442 Λακεδαίμονα
1038 3356 1220 3422 ἀνάστατον
1325 3427 1326 3468 χ

219 3462 376 3548 γενέσθαι
408 3463 471 3528 ὑπὸ
502 3475 568 3528 τῶν
599 3465 775 3547 βαρβάρων
807 3463 827 3546 ἢ
854 3464 912 3528 τὸν
944 3461 1080 3544 βασιλέα
1108 3461 1220 3541 σφέων
1325 3481 1326 3546 3
