2678 3968
207 266 271 331 278
618 261 803 318 HERODOTI

209 405 446 494 Θεμιστοκλέης
466 410 578 473 κεῖνόν
600 430 635 472 τε
657 405 712 472 καλ
729 410 807 484 τούς
824 409 1030 492 Κορινθίους
1052 406 1156 472 πολλά
1168 430 1207 472 τε

207 513 262 578 καὶ
288 514 370 578 κακά
393 515 496 596 ἔλεγε,
524 510 679 577 ἑωυτοτσί
697 535 732 576 τε
759 511 879 594 έδήλον
903 513 989 599 λόγῳ
1012 511 1056 588 δις
1079 517 1127 595 είη
1150 509 1208 576 καλ

206 622 300 696 πόλις
322 616 376 683 καλ
398 628 439 702 γῆ
463 616 567 702 μέζων
589 619 610 700 ἡ
628 639 688 702 περ
708 615 872 700 ἐκείνοισι,
892 614 957 682 ἔστ’
979 616 1021 682 ἀν
1041 618 1209 701 διηκόσιαι

207 725 279 802 νέες
300 741 361 809 σφι
383 726 462 789 ἔωσι
484 721 747 807 πεπληρωμέναι·
771 723 939 806 οὐδαμοὺς
960 724 1023 807 γάρ
1040 720 1208 807 Ἑλλήνων

155 852 189 902 σε
208 831 329 907 αὐτοὺς
356 830 507 906 έπιόντας
533 829 809 915 ἀποκρούσεσθαι.
854 831 1023 913 σημαίνων
1047 826 1083 895 δέ
1104 839 1210 895 ταῦτα

207 945 252 1024 τῷ
281 939 367 1024 λόγῳ
392 935 537 1018 διέβαινε
560 934 593 1011 ές
615 934 847 1019 Εὐρυβιάδην,
873 933 979 1017 λέγων
1006 940 1130 1019 μᾶλλον
1153 935 1210 1001 έπ-

208 1040 426 1128 εστραμμένα·
457 1043 511 1105 la>
542 1042 574 1105 εί
603 1038 728 1125 μενέεις
760 1040 864 1106 αὐτοῦ
894 1038 949 1105 καὶ
978 1039 1088 1125 μένων
1118 1045 1209 1107 ἔσεαι

208 1149 292 1234 άνὴρ
321 1148 461 1231 ἀγαθός·
493 1148 524 1212 εί
545 1143 583 1212 δέ
597 1149 664 1230 μή,
692 1145 884 1230 ἀνατρέψεις
905 1147 967 1229 τήν
985 1143 1138 1212 Ἑλλάδα·
1168 1150 1210 1213 τὸ

208 1264 274 1319 πᾶν
296 1255 359 1338 γάρ
377 1253 456 1337 ἡμίν
474 1261 534 1318 τοῦ
552 1251 697 1342 πολέμου
710 1250 857 1336 Ιφέρουσι
876 1253 913 1316 αλ
927 1250 1007 1329 νέες.
1043 1250 1113 1318 ἀλλ’
1135 1253 1212 1338 έμολ

208 1363 332 1425 πείθεο.
369 1360 400 1423 εί
421 1354 458 1424 δὲ
480 1366 583 1423 ταῦτα
605 1361 649 1441 μή
668 1359 817 1442 ποιήσῃς,
840 1357 932 1441 ἡμεῖς
950 1354 1011 1442 μὲν
1029 1359 1073 1436 ὡς
1091 1362 1212 1444 ἔχομεν

209 1467 428 1549 ἀναλαβόντες
449 1465 528 1540 τοὺς
550 1462 676 1539 οἰκέτας
697 1465 900 1548 κομιεύμεθα
923 1463 956 1540 ές
973 1468 1073 1548 Σῖριν
1089 1466 1150 1548 τήν
1171 1465 1213 1530 έν

205 1569 335 1656 Ἰταλίη,
357 1571 378 1653 ή
396 1591 457 1655 περ
480 1568 617 1654 ἡμετέρη
641 1567 678 1634 τέ
700 1569 767 1634 ἐστι
790 1567 826 1633 έκ
848 1574 990 1634 παλαιοῦ
1012 1569 1069 1653 έιι,
1091 1569 1146 1635 καλ
1167 1573 1213 1636 τὰ

209 1680 304 1761 λόγια
330 1675 417 1758 λέγει
443 1673 499 1740 ὐπ’
532 1673 642 1760 ἡμέων
671 1674 773 1758 αὐτήν
803 1676 875 1740 δείν
896 1682 1084 1759 κτισθῆναι·
1116 1676 1212 1760 ὑμεῖς

210 1779 247 1848 δὲ
278 1783 458 1866 συμμάχων
486 1781 624 1846 τοιῶνδε
650 1779 881 1864 μουνωθέντες
908 1784 1115 1865 μεμνήσεσθε
1140 1793 1212 1848 τῶν

63 1939 71 1954 .
157 1912 190 1961 εε
210 1888 297 1973 έμῶν
320 1889 437 1971 λόγων.
480 1883 592 1951 ταῦτα
609 1882 646 1951 δὲ
669 1885 903 1970 Θεμιστοκλέος
925 1886 1079 1970 λέγοντος
1100 1887 1212 1952 ἀνεδι·
1315 1895 1316 1944 f

210 1994 346 2058 δάσκετο
369 1992 595 2078 Εὐρυβιάδης·
625 1990 753 2058 δοκέειν
775 1990 814 2056 δέ
835 2015 906 2076 μοι,
934 1992 1127 2078 ἀρρωδήσας
1149 1995 1212 2076 μά-

209 2105 304 2164 λιστα
325 2101 403 2176 τούς
422 2095 619 2181 Ἀθηναίους
642 2097 913 2181 [ἀνεδιδάσκετο],
937 2099 980 2181 μή
993 2113 1106 2182 ,σφεας
1128 2099 1212 2164 ἀπο·
1314 2181 1315 2190 ρ

209 2207 343 2287 λίπωσι,
370 2203 412 2286 ἡν
440 2205 522 2287 πρὸς
548 2204 607 2268 τὸν
631 2199 766 2287 Ἰσθμὸν
794 2201 902 2288 ἀνάγη.
926 2203 984 2279 τάς
1009 2201 1099 2280 νέας·
1131 2204 1211 2270 ἀπο-

210 2310 374 2373 λιπόντων
398 2310 459 2393 γάρ
481 2302 667 2391 Ἀθηναίων
690 2305 798 2372 οὐκέτι
821 2307 971 2390 έγίνοντο
990 2307 1158 2394 ἀξιόμαχοι
1176 2311 1215 2374 οί

210 2415 328 2477 λοιποί.
355 2414 478 2495 ταύτην
493 2409 530 2478 δέ
544 2412 685 2495 αέρέετοιι
698 2414 758 2496 τήν
772 2414 918 2497 γνώμην,
934 2413 1037 2479 αὐτοῦ
1050 2414 1212 2500 μένοντας
1313 2499 1314 2504 ¹

159 2541 193 2592 ςι,
211 2517 472 2603 διαναυμαχέειν.
508 2517 594 2582 οὕτω
613 2514 673 2601 μὲν
688 2519 723 2582 ολ
733 2516 808 2603 περὶ
821 2524 996 2603 Σαλαμῖνα
1009 2522 1099 2586 έπεσι
1113 2521 1211 2605 ἀκρο-

210 2625 432 2710 βολισάμενοι,
446 2623 550 2689 έπείτε
564 2622 757 2710 Εὐρυβιάδη
775 2623 878 2707 ἔδοξε,
897 2625 999 2690 αὐτοῦ
1011 2627 1211 2712 παρεσκενά·

213 2735 306 2810 ζοντο
334 2732 378 2807 ὡς
404 2732 679 2816 ναυμαχήσοντες.
723 2728 827 2815 ἡμέρη
849 2753 884 2795 τε
911 2730 1035 2815 έγίνετο
1063 2731 1117 2796 καλ
1143 2733 1212 2817 ἅμα

211 2845 256 2925 τῷ
283 2836 365 2924 ἡλίρι
394 2836 522 2901 ἀνιόντι
545 2837 677 2920 σεισμὸς
700 2834 828 2918 ἐγένετο
852 2839 890 2902 ἔν
911 2859 946 2902 τε
968 2845 1007 2921 τὴ
1030 2846 1071 2922 γῇ
1093 2835 1147 2902 καὶ
1169 2847 1211 2923 τῇ

211 2943 373 3028 θαλάσση.
409 2940 500 3020 ἔδοξε
523 2940 563 3007 δέ
582 2958 644 3025 σφι
662 2940 822 3019 εὔξασθαι
839 2953 925 3007 τοῖσι
942 2948 1052 3008 θεοίσι
1070 2941 1125 3008 καλ
1142 2942 1212 3008 έπι-
1312 2935 1313 2938 “

211 3047 414 3114 καλέσασθαι
426 3051 504 3124 τοὺς
518 3049 678 3123 Αἰακίδας
692 3047 889 3132 συμμάχους.
923 3048 967 3124 ὡς
981 3046 1021 3114 δέ
1033 3065 1093 3133 σφι
1108 3049 1211 3132 ἔδοξε,

212 3151 267 3219 καὶ
294 3154 425 3219 έποίενν
451 3163 567 3218 ταῦτα·
597 3151 769 3237 εὐξάμενοι
797 3155 860 3238 γάρ
887 3162 966 3218 πᾶσι
992 3165 1079 3219 τοῖσι
1100 3160 1212 3219 θεοῖσι

213 3259 357 3324 αὐτόθεν
384 3257 445 3344 μὲν
473 3261 507 3324 έκ
529 3263 719 3343 Σαλαμῖνος
742 3259 869 3324 Αίαντά
891 3282 926 3324 τε
952 3257 1007 3325 καὶ
1033 3263 1211 3346 Τελαμῶνα

213 3363 435 3449 ἐπεκαλέοντο,
458 3364 511 3430 ἐπὶ
534 3362 570 3430 δὲ
589 3366 715 3430 Αίακὸν
738 3362 792 3430 καὶ
814 3366 892 3442 τούς
913 3365 1033 3441 ἀλλους
1051 3365 1212 3442 Αἰακίδας

213 3467 271 3533 νέα
294 3468 491 3534 ἀπέστελλον
514 3469 546 3547 ές
569 3475 720 3553 Αίγιναν.
