2640 3960
423 231 490 286 οιο.
506 233 552 288 vl.
589 233 666 289 οΑΡ.
687 239 842 289 ιοε-ιοε.
1076 235 1139 300 119

134 373 337 458 ὑπερβάντες
357 376 417 441 τὸν
436 372 586 441 Ἀσωπὸν
608 378 711 443 αὐτὸν
734 377 929 462 ἐποιήσαντο
953 374 1056 465 οὖρον
1075 385 1140 463 Θη-

134 483 260 563 βαίοισι
282 482 364 564 πρὸς
387 481 572 559 Πλαταιέας
594 479 679 548 εἶναι
701 481 756 548 καὶ
775 480 890 560 Ὑσιάς.
934 487 1056 551 ἔδοσαν
1078 482 1140 571 μὲν

135 587 177 669 δη
202 587 238 651 οῖ
257 586 437 664 Πλαταιέες
459 587 562 672 σφέας
589 589 711 665 αὐτοὺς
731 585 938 672 Ἀθηναίοισι
960 594 1069 678 τρόπω
1093 599 1138 680 τῷ

7 773 8 800 χ
134 690 313 780 είρημένφ,
345 687 427 776 ἧκον
462 691 499 758 δὲ
529 697 603 760 τότε
635 694 668 772 ές
699 699 899 779 Μαραθῶνα
930 695 1139 780 βοηθέοντες.

134 810 222 863 τοῖσι
241 795 278 864 δὲ
293 795 481 882 Ἀθηναίων
500 812 711 885 στρατηγοῖσι
729 799 880 884 ἐγίνοντο
900 803 975 886 δίχα
994 803 1031 866 αί
1045 814 1130 885 γνῶ·
1142 823 1202 873 1οε

134 927 203 988 μαι,
221 915 289 970 τῶν
307 901 368 989 μὲν
387 905 448 970 οὐκ
466 905 598 972 ἐώντων
616 910 797 992 συμβαλεῖν
816 905 964 992 (ὀλίγους
977 908 1039 992 γάρ
1054 903 1141 972 εἶναι

134 1018 271 1095 στρατιῇ
288 1019 328 1096 τῇ
346 1012 477 1094 Μήδων
496 1013 721 1096 συμβάλλειν),
740 1023 807 1077 τῶν
826 1009 862 1078 δὲ
880 1011 935 1078 καὶ
948 1014 1140 1078 Μιλτιάδεω

133 1120 348 1182 κελευόντων.
389 1117 434 1194 ὡς
457 1114 494 1182 δὲ
517 1119 592 1202 δίχα
614 1142 649 1184 τε
672 1118 823 1202 ἐγίνοντο
846 1116 901 1184 καὶ
924 1118 1015 1186 ἐνίκα
1037 1118 1141 1203 ἡχεί-

134 1246 206 1306 ρων
228 1233 295 1288 τῶν
317 1222 487 1308 γνωμέων,
511 1223 668 1309 ἐνθαῦτα,
691 1220 734 1308 ἦν
756 1225 819 1308 γάρ
843 1222 1017 1302 ἑνδέκατος
1039 1235 1141 1309 ψηφι-

134 1331 284 1414 δοφόρος
309 1329 329 1395 δ
356 1339 402 1418 τῷ
425 1330 539 1417 κυάμῳ
562 1331 673 1415 λαχὼν
697 1325 885 1417 Ἀθηναίων
907 1331 1142 1416 πολεμαρχέειν

134 1435 186 1520 (τὸ
210 1437 352 1501 παλαιὸν
373 1437 437 1519 γάρ
457 1434 630 1518 Ἀθηναῖοι
653 1436 832 1520 ὁμόψηφον
854 1439 914 1502 τὸν
934 1436 1142 1522 πολέμαρχον

134 1542 307 1608 ἐποιεῦντο
334 1553 421 1607 τοῖσι
448 1542 691 1628 στρατηγοῖσι),
719 1539 762 1625 ἦν
785 1539 822 1608 δὲ
844 1546 917 1608 τότε
939 1542 1143 1627 πολέμαρχος

138 1651 346 1732 Καλλίμαχος
366 1643 566 1732 Ἀφιδναῖος,
589 1648 672 1732 πρὸς
689 1657 809 1714 τοῦτον
828 1647 938 1714 ἐλθὼν
956 1649 1143 1731 Μιλτιάδης

135 1758 227 1838 ἔλεγε
249 1754 339 1818 τάδε·
360 1750 420 1838 Ἐν,
439 1751 493 1819 σοὶ
515 1761 590 1836 νῦν,
613 1756 816 1839 Καλλίμαχε,
848 1752 917 1820 ἐστὶ
939 1753 959 1838 ἢ
982 1756 1142 1820 καταδου-

1 1913 5 1918 .
135 1867 239 1926 λῦσαι
259 1857 402 1943 Ἀθήνας
424 1859 445 1944 ἦ
468 1858 648 1943 έλευῦέρας
670 1861 853 1943 ποιήσαντα
876 1863 1072 1945 μνημόσυνα
1094 1864 1136 1924 λν

134 1967 259 2034 πέσδαι
282 1967 316 2044 ές
332 1968 392 2032 τὸν
410 1967 538 2031 ἅπαντα
556 1966 747 2050 ἀνθρώπων
765 1969 841 2050 βίον
860 1957 914 2031 οἶα
933 1963 1013 2032 οὐδὲ
1027 1962 1141 2050 Ἁρμό-

136 2075 209 2150 διός
230 2095 265 2138 τε
288 2070 342 2138 καὶ
362 2069 610 2157 Ἀριστογείτων
635 2075 822 2154 [λείπουσι].
859 2080 924 2137 νῦν
945 2073 1009 2158 γὰρ
1033 2073 1086 2155 δη,
1108 2071 1142 2150 ἐξ

135 2175 178 2246 οὗ
201 2178 354 2263 ἐγένοντο
380 2175 567 2261 Ἀθηναῖοι,
596 2178 629 2254 ἐς
649 2178 812 2272 κίνδρνον
835 2178 953 2262 ἥκουσι
975 2177 1142 2262 μέγιστον,

85 2359 101 2373 κ
135 2284 191 2352 καὶ
213 2285 256 2368 ἢν
279 2284 339 2369 μέν
361 2307 399 2368 γε
421 2284 618 2362 ὑποκύψωσι
639 2295 726 2349 τοῖσι
746 2285 907 2368 Μήδοισι,
931 2284 1081 2350 δέδεκται
1101 2285 1142 2350 τὰ

135 2395 307 2458 πείσονται
337 2389 600 2475 παραδεδομένοι
628 2386 752 2476 Ἱππίῃ,
789 2390 831 2474 ἢν
866 2387 903 2456 δὲ
933 2389 1143 2475 περιγένηται

136 2499 220 2581 αὕτη
242 2496 263 2580 ἡ
286 2499 391 2579 πόλις,
416 2497 468 2578 οἴη
491 2495 529 2561 τέ
550 2496 618 2561 έστι
638 2497 750 2579 πρώτη
773 2507 840 2561 τῶν
858 2491 1062 2581 Ἑλληνίδων
1083 2517 1144 2562 πο-
1194 2579 1198 2586 ,

136 2608 219 2670 λίων
241 2602 407 2686 γενέσθαι.
452 2611 517 2679 κῶς
544 2597 592 2667 ὧν
620 2587 662 2686 δη
689 2610 791 2668 ταῦτα
818 2593 872 2668 οἷά
900 2601 938 2668 τέ
962 2603 1031 2668 ἐστι
1052 2601 1143 2686 γενέ-

137 2717 230 2793 σθαι,
247 2705 303 2774 καὶ
320 2719 386 2784 κῶς
403 2707 437 2786 ές
455 2707 494 2773 σέ
509 2731 561 2773 τοι
578 2708 707 2772 τούτων
726 2708 839 2792 άνήκει
856 2719 924 2773 τῶν
941 2708 1143 2792 πρηγμάτων

136 2818 173 2882 τὸ
192 2824 293 2902 κῦρος
311 2818 408 2900 ἔχειν,
426 2821 491 2879 νῦν
509 2817 643 2898 ἔρχομαι
662 2815 810 2900 φράσων.
842 2813 953 2898 ἡμέων
966 2825 1032 2879 τῶν
1046 2829 1143 2898 στρα-

0 2945 4 2948 ’
136 2933 247 3006 τηγιῦν
270 2921 393 2987 ἐόντων
417 2919 496 2985 δέκα
520 2922 595 3004 δίχα
613 2924 764 3003 γίνονται
782 2921 820 2984 αί
834 2930 973 3004 γνῶμαι,
996 2931 1064 2984 τῶν
1082 2916 1143 3004 μὲν

136 3030 340 3094 κελευόντων
365 3026 582 3111 συμβάλλειν,
611 3035 679 3090 τῶν
706 3022 743 3091 δὲ
767 3025 816 3090 οῦ.
862 3024 905 3108 ἣν
928 3023 988 3109 μέν
1011 3047 1075 3089 νυν
1098 3027 1142 3110 μὴ

137 3134 371 3220 συμβάλωμεν,
396 3135 537 3217 ἔλπομαί
555 3155 630 3196 τινα
653 3132 770 3197 στάσιν
793 3132 938 3215 μεγάλην
962 3131 1142 3196 διασείσειν

138 3241 344 3325 ἐμπεσοῦσαν
376 3239 416 3303 τά
440 3235 627 3320 Ἀθηναίων
660 3240 856 3321 φρονήματα
883 3237 966 3302 ὥστε
993 3238 1142 3321 μηδίσαι·

137 3347 180 3430 ἣν
203 3343 240 3412 δὲ
261 3345 480 3430 συμβάλωμεν
498 3347 578 3428 πρίν
595 3365 627 3406 τι
645 3340 699 3406 καὶ
718 3341 849 3425 σαθρὸν
864 3335 1051 3425 Ἀθηναίων
1070 3367 1143 3429 μετ-

138 3452 313 3534 εξετέροισι
336 3449 547 3538 ἐγγενέσθαι,
573 3457 665 3515 θεῶν
687 3449 727 3514 τὰ
750 3455 805 3514 ίσα
827 3450 998 3532 νεμόντων
1021 3442 1089 3515 οἷοί
1107 3449 1146 3516 τέ
