2678 3970
487 247 627 304 L13.V11.
660 247 736 304 cAP.
756 254 841 305 8-9.
1099 249 1162 315 141

163 389 322 480 ἡμετέρῳ,
351 389 569 476 [ἀπικόμενοι]
601 389 785 478 ἐνέπρησαν
806 393 847 458 τά
868 416 903 460 τε
926 395 1026 461 ἀλσεα
1048 392 1102 461 καὶ
1124 396 1165 461 τδ

164 497 231 583 ίρά·
264 497 401 583 δεύτερα
433 494 470 564 δὲ
500 495 600 582 ἡμέας
633 489 687 563 οἷα
714 498 812 585 ἔρξαν
843 499 876 576 ές
908 501 969 584 τὴν
1000 501 1165 587 σφετέρην

164 603 360 687 ἀποβάντας,
384 603 438 669 ὅτε
455 607 559 681 Δᾶτίς
576 626 611 668 τε
629 601 683 668 καὶ
698 599 919 690 Ἀρταφρένης
936 605 1164 693 ἐστρατὴγεον,

164 706 344 775 ἐπίστασθέ
372 732 434 774 κου
467 709 595 787 πάντες.
638 709 766 775 τούτων
794 708 906 794 μέντοι
933 711 1040 776 εἵνεκα
1067 707 1201 798 ἀνάργ

162 837 261 899 νημαι
284 811 334 880 ἐπ’
360 814 482 892 αὐτοὺς
504 815 758 902 στρατεύεσθαι,
784 815 896 899 ἀγαθά
918 811 955 882 δὲ
977 816 1014 882 ἐν
1036 817 1172 882 αὐτοῖσι·

162 919 282 985 τοσάδε
304 919 488 1007 ἀνευρίσκω
511 922 734 1006 λογιζόμενος·
761 922 793 986 εί
807 921 947 999 τούτους
963 945 999 988 τε
1016 919 1070 988 καὶ
1087 923 1166 999 τοὺς

165 1025 310 1091 τούτοισι
340 1026 590 1112 πλησιοχώρους
615 1027 923 1112 καταστρεψόμεθα,
955 1030 992 1093 οἳ
1015 1026 1166 1105 Πέλοπος

162 1139 223 1197 τοῦ
248 1131 382 1216 Φρυγὸς
402 1129 560 1216 νέμονται
587 1131 714 1217 χώρην,
741 1140 805 1216 γῆν
826 1132 888 1216 τὴν
911 1133 1061 1218 Περσίδα
1087 1132 1166 1200 ἀπο-

164 1235 302 1322 δέξομεν
336 1243 381 1324 τῷ
409 1237 493 1314 Διδς
529 1237 640 1321 αάδέρι
673 1236 910 1322 ὁμουρέουσαν.
955 1237 996 1304 οὐ
1027 1239 1090 1323 γὰρ
1123 1240 1165 1324 δὴ

163 1342 275 1428 χώρην
297 1365 335 1426 γε
362 1341 523 1426 οὐδεμίαν
549 1345 725 1422 κατόψεται
751 1344 844 1427 ἡλιος
870 1343 1016 1430 ὅμουρον
1043 1343 1165 1410 ἐοῦσαν

163 1457 202 1533 τῇ
229 1445 383 1534 ἡμετέρη,
415 1447 498 1513 ἀλλά
529 1463 632 1533 σφεας
657 1449 764 1526 πάσας
793 1449 857 1532 ἐγὼ
885 1449 951 1534 ἅμα
980 1449 1059 1534 ὑμῖν
1085 1453 1166 1536 μίαν

163 1553 275 1638 χώρην
310 1555 421 1637 θύσω,
459 1554 515 1618 διὰ
550 1553 656 1637 πάσης
692 1552 872 1631 διεξελθὼν
905 1563 964 1637 τῆς
993 1554 1165 1641 Εὐρώπης.

163 1659 378 1744 πυνθάνομαι
404 1660 468 1745 γάρ
495 1654 560 1725 ὧδε
585 1662 686 1744 ἔχειν,
714 1659 790 1724 οὐτε
812 1659 888 1724 τινδι
908 1662 1007 1725 πόλιν
1033 1659 1167 1746 ἀνδρῶν
1227 1714 1232 1726 .

165 1765 324 1849 οὐδεμίαν
352 1765 428 1830 οὐτε
455 1767 556 1841 ἔθνος
583 1760 683 1830 οὐδέν
706 1763 895 1851 ἀνθρώπων
918 1765 1166 1850 ὑπολείπεσθαι,

164 1871 201 1934 τὸ
227 1868 307 1953 ἡμίν
335 1863 464 1936 οἷόντε
493 1872 583 1936 ἔσται
606 1869 718 1934 ἐλθεῖν
741 1870 774 1946 ές
796 1871 921 1957 μάχην,
948 1871 1077 1936 τούτων
1098 1881 1166 1936 τῶν

164 1973 317 2054 κατέλεξα
346 1973 666 2061 ὑπεξαραιρημένων.
713 1975 799 2040 οὑτω
832 1976 868 2041 οἵ
894 1998 929 2040 τε
960 1974 1041 2060 ἡμῖν
1066 1981 1166 2042 αίτιοι

165 2081 275 2160 ἕξουσι
299 2082 438 2146 δούλιον
462 2081 560 2164 ζυγὸν
584 2079 619 2145 οἵ
635 2102 672 2145 τε
694 2078 845 2145 ἀναίτιοι.
881 2080 974 2166 ὑμεῖς
994 2074 1024 2147 δ’
1048 2081 1092 2146 ἀν
1108 2091 1201 2168 μοιδ

164 2188 243 2253 τάδε
273 2185 441 2263 ποιέοντες
469 2186 668 2272 χαρίζοισθε.
713 2184 811 2250 ἐπεάν
838 2185 918 2272 ὑμῖν
944 2189 1080 2272 σημήνω
1106 2190 1166 2255 τὸν

165 2296 288 2380 χρόνον
310 2291 344 2369 ἐς
364 2292 425 2358 τὸν
446 2292 539 2377 ἥκειν
558 2292 620 2374 δεῖ,
641 2290 823 2376 προθύμως
840 2291 947 2356 πάντα
963 2293 1039 2359 τινὰ
1055 2292 1166 2378 ὑμέων

164 2400 279 2485 χρήσει
301 2408 469 2484 παρεῖναι·
492 2396 530 2474 ὃς
552 2393 593 2462 άν
616 2393 654 2462 δὲ
676 2399 761 2481 ἔχων
778 2397 841 2483 ἡκη
859 2400 1167 2485 παρεσκευασμένον

166 2504 308 2590 στρατὸν
329 2503 501 2587 κάλλιστα,
527 2502 622 2568 δώσω
646 2503 682 2569 οί
702 2503 792 2588 δῶρα
813 2503 854 2568 τά
875 2505 1051 2588 τιμιώτατα
1072 2507 1166 2591 νομί·

167 2612 252 2688 ζεται
275 2603 360 2674 εἶναι
383 2608 420 2675 ἐν
441 2606 611 2694 ἡμετέρου.
651 2606 786 2693 ποιητέα
808 2607 869 2694 μέν
891 2633 956 2675 νυν
973 2611 1076 2676 ταῦτά
1097 2610 1165 2676 ἐστι

166 2717 266 2782 οὑτω·
295 2715 351 2780 ἵνα
378 2711 416 2780 oz
438 2714 482 2799 μὴ
506 2713 724 2797 ίδιοβουλέειν
746 2714 826 2800 ὑμῖν
849 2714 967 2797 δοκέω,
989 2719 1107 2798 τίθημι
1127 2715 1166 2779 τὸ

165 2831 298 2906 πρῆγμα
320 2820 354 2898 ές
375 2818 488 2905 μέσον,
510 2820 647 2904 γνώμην
668 2820 812 2885 κελεύων
833 2817 945 2904 ὑμέων
966 2821 1026 2884 τὸν
1048 2823 1166 2902 βουλό-

166 2950 268 3013 μενον
282 2924 538 3011 ἀποφαίνεσθαι.
573 2934 677 2990 ταῦτα
691 2931 783 3002 είπας
795 2924 942 2991 ἐπαύετο.
977 2920 1046 3008 μετ’
1063 2923 1165 2990 αὐτὸν
1183 2941 1200 2991 ν

167 3028 204 3098 δέ
226 3032 422 3118 Μαρδόνιος
444 3034 547 3115 ἔλεγε·
572 3020 611 3095 Ὠ
633 3030 790 3114 δέσποτα,
818 3030 859 3095 οὐ
881 3038 1009 3114 μοῦνον
1030 3023 1077 3106 εἷς
1098 3041 1166 3096 τῶν

166 3136 355 3223 γενομένων
373 3134 533 3223 Περσέων
557 3136 699 3222 ἀριστος,
722 3131 880 3200 ἀλλὰκαὶ
902 3145 969 3200 τῶν
987 3133 1164 3220 ἐσομένων,

167 3241 204 3320 ὃς
228 3243 269 3308 τά
295 3265 330 3309 τε
357 3243 439 3308 ἀλλα
466 3240 573 3326 λέγων
599 3241 708 3306 έπίκεο
735 3241 851 3326 ἀριστα
878 3237 934 3304 καὶ
960 3239 1166 3325 ἀληθέστατα

167 3345 223 3414 καὶ
249 3346 369 3426 Ἴωνας
396 3349 477 3425 τοὺς
508 3347 545 3413 έν
573 3355 613 3432 τῇ
644 3345 789 3432 Εὐρώπη
819 3346 1074 3432 κατοικημένους
1105 3346 1166 3412 οὐκ

168 3451 274 3532 ἐάσεις
308 3453 526 3538 καταγελάσαι
554 3451 634 3538 ἡμῖν
665 3451 779 3529 ἐόντας
809 3450 972 3530 ἀναξίους.
1016 3450 1071 3518 καὶ
1101 3453 1165 3538 γάρ
