2678 3970
446 248 513 306 ΜΒ.
527 249 585 306 vn.
623 250 698 306 cAP.
718 258 838 307 οε-τε.
1085 255 1149 321 173

146 392 227 457 κατά
258 414 319 477 περ
347 393 505 471 Πάκτυες.
550 395 678 460 τούτων
708 392 745 460 δέ
772 391 877 481 ἦρχον
905 398 990 481 οἵδε,
1019 399 1149 466 Οὐτίων

146 495 208 583 μὲν
234 497 289 564 καλ
315 501 446 564 Μύκων
470 494 669 584 Ἀρσαμένης
696 501 715 566 δ
738 505 901 586 Δαρείου,
935 507 1149 588 Παρικανίων

147 601 185 669 δέ
207 608 410 691 Σιρομίτρης
433 605 641 690 ὁΟίοβάζου.
683 603 831 693 Ἀράβιοι
850 603 887 674 δέ
906 611 1011 694 ζειρὰς
1028 609 1148 688 ὑπεζω-
1168 631 1200 680 69

146 709 241 795 μένοι
275 706 378 795 ἦσαν,
415 710 493 791 τόξα
525 709 562 777 δέ
595 715 777 778 παλίντονα
814 708 905 798 είχου
935 716 1017 799 πρὸς
1048 715 1148 799 δεξιά,

146 817 263 904 μακρά.
298 805 462 894 Αίδίοπες
485 814 522 884 δέ
544 817 731 904 παρδαλέας
751 841 788 885 τε
810 818 865 884 καί
883 817 1035 896 λεοντέας
1053 821 1149 905 ἐναμ-

146 922 254 1008 μένοι,
278 921 356 1002 τόξα
378 919 415 989 δέ
437 918 528 1008 εἶχον
550 923 586 988 ἐκ
608 927 759 1008 φοίνικος
782 924 915 1008 σπάθης
936 924 1149 1010 πεποιημένα,

145 1029 268 1115 μακρά,
294 1028 522 1116 τετραπηχέων
550 1029 612 1096 οὐκ
639 1030 782 1114 έλάσσω,
810 1028 862 1096 ἐπὶ
890 1027 926 1096 δὲ
948 1034 1150 1115 καλαμίνους

146 1136 278 1212 ὀϊστοὺς
304 1136 476 1221 σμικρούς,
508 1133 582 1200 ἀντὶ
609 1131 647 1201 δέ
674 1137 814 1222 σιδήρου
842 1135 923 1220 ἐπῆν
951 1140 1047 1213 λίθος
1074 1135 1150 1215 ὀξὺς

145 1241 375 1325 πεποιημένος,
393 1249 438 1330 τῷ
457 1239 512 1306 καλ
529 1243 587 1318 τδς
605 1244 792 1327 σφρηγῖδας
809 1243 990 1326 γλύφουσι·
1012 1243 1094 1327 πρὸς
1113 1238 1149 1307 δέ

146 1348 262 1431 αἰχμάς
284 1343 385 1432 εἶχον,
409 1344 462 1412 ἐπὶ
482 1344 519 1412 δέ
536 1346 634 1434 κέρας
652 1349 815 1433 δορκάδος
838 1348 920 1432 έπῆυ
938 1347 998 1428 ὀξὺ
1016 1369 1149 1431 πεποιη-

145 1451 248 1538 μένον
274 1455 399 1539 τρόπον
426 1455 559 1538 λόγχης·
590 1449 681 1537 εἶχον
708 1450 745 1520 δέ
776 1452 830 1519 καί
858 1453 986 1540 ῥόπαλα
1011 1454 1148 1521 τυλωτά.

145 1568 206 1648 τοῦ
225 1555 262 1625 δὲ
280 1560 429 1643 σώματος
445 1561 483 1624 τὸ
502 1555 563 1644 μέν
580 1560 682 1644 ἥμισυ
701 1559 913 1645 ἐξηλείφοντο
931 1561 1028 1648 γόψφ
1044 1562 1149 1637 ίόντες

146 1664 179 1742 ές
201 1665 318 1750 μάχην,
340 1667 379 1731 τδ
402 1661 439 1731 δέ
457 1667 558 1750 ἥμισυ
576 1670 687 1755 μίλτφ.
721 1661 882 1752 Ἀραβίων
902 1663 939 1732 δὲ
956 1665 1011 1732 καί
1030 1668 1149 1732 Λίδιό-

145 1794 218 1837 πων
245 1783 312 1836 τῶν
334 1769 417 1857 ὑπὲρ
440 1773 613 1855 Αίγάπτου
636 1772 820 1855 οἰκημένων
842 1769 921 1858 ἦρχε
945 1766 1107 1857 Ἀρσάμης
1129 1771 1148 1838 δ

10 1915 17 1944 ι
145 1881 293 1963 Δαρείου
308 1874 369 1964 (τε)
384 1874 438 1942 καί
454 1873 678 1963 Ἀρτυστώνης
690 1887 748 1961 τῆς
761 1878 877 1961 Κύρου
891 1879 1068 1962 θυγατρός,
1087 1878 1149 1961 τὴν

145 1984 285 2067 μάλιστα
308 1981 441 2068 στέρξας
463 1993 530 2048 τῶν
552 1993 721 2065 γυναικῶν
739 1989 883 2069 Δαρεῖος
905 1983 981 2048 εἰκὼ
1004 1981 1148 2067 χρυσέην

146 2092 360 2173 σφυρήλατον
387 2087 572 2171 ἐποιήσατο.
620 2099 688 2153 τῶν
714 2085 775 2173 μέν
802 2089 843 2172 δη
870 2085 953 2173 ὑπὲρ
976 2088 1149 2172 Αίγύπτου

145 2195 324 2259 Αἰθιόπων
341 2191 396 2260 καί
411 2191 574 2278 Ἀραβίων
591 2190 670 2280 ἦρχε
685 2192 858 2279 Ἀρσάμης,
877 2195 912 2260 οί
923 2191 960 2260 δὲ
974 2193 1037 2261 άπὸ
1050 2193 1148 2278 ἡλίου
1167 2217 1200 2265 ιο

146 2297 335 2365 ἀνατολέων
348 2301 510 2378 Αίδίοπες
529 2298 629 2387 (διξοὶ
646 2302 710 2386 γάρ
725 2301 765 2384 δη
781 2299 1030 2388 ἐστρατεύοντο)
1047 2317 1148 2387 προσ-

146 2406 316 2491 ετετάχατο
334 2416 421 2471 τοῖσι
436 2403 581 2489 Ἰνδοῖσι,
601 2407 854 2484 διαλλάσσοντες
870 2402 959 2483 είδος
972 2402 1033 2491 μέν
1047 2403 1149 2472 οὐδέν

145 2521 232 2578 τοῖσι
255 2509 405 2599 ἑτέροισι,
429 2513 548 2597 φωνὴν
571 2509 607 2578 δὲ
630 2511 685 2577 καὶ
706 2516 851 2598 τρίχωμα
869 2521 1009 2598 μοῦνον·
1033 2513 1068 2578 οί
1087 2509 1148 2596 μέν

145 2619 209 2704 γάρ
232 2616 295 2684 άπὸ
318 2618 415 2702 ηλίου
433 2621 596 2696 Αίδίοπες
619 2618 787 2703 ίδάτριχές
808 2621 887 2702 είσι,
917 2619 953 2685 οί
978 2613 1009 2684 δ’
1034 2617 1070 2684 έκ
1091 2627 1149 2700 τῆς

146 2725 274 2808 Λιβύης
297 2725 477 2790 οὐλότατον
499 2728 644 2810 τρίχωμα
668 2726 780 2808 ἔχουσι
798 2724 930 2790 πάντων
949 2724 1146 2808 ἀνθρώπων.

147 2824 240 2895 οὗτοι
263 2826 300 2896 δέ
323 2831 358 2896 οί
377 2830 414 2896 ἐκ
435 2840 493 2915 τῆς
506 2825 615 2914 Ἀσίης
632 2832 794 2907 Αίδίοπες
816 2831 856 2895 τὰ
878 2827 939 2914 μὲν
960 2828 1048 2894 πλέω
1066 2832 1148 2893 κατά

12 2911 22 2982 ῗ
146 2958 207 3022 περ
230 2932 331 3003 Ἰνδοί
359 2937 552 3022 έσεσάχατο,·
578 2938 823 3024 προμετωπίδια
851 2931 888 3000 δέ
921 2935 1030 2999 ἵππων
1057 2929 1148 3018 εἶχον

147 3039 199 3108 ἐπὶ
221 3051 296 3127 τῇσι
318 3048 477 3128 κεφαλῇσι
500 3043 564 3108 σόν
585 3065 620 3108 τε
647 3053 733 3108 τοῖσι
760 3038 822 3106 ὠσὶ
849 3038 1070 3124 ἐκδεδαρμένα
1092 3039 1147 3106 καί

146 3155 185 3231 τῇ
208 3151 324 3234 λοφιῇ·
353 3146 408 3214 καὶ
435 3146 508 3213 άντλ
535 3141 596 3232 μέν
623 3149 731 3230 λόφου
758 3146 779 3230 ἡ
802 3147 903 3231 λοφιὴ
926 3144 1079 3232 κατέχρα,
1107 3148 1147 3212 τά

147 3249 184 3318 δέ
207 3249 273 3319 ὦτα
296 3265 362 3319 τῶν
385 3254 494 3318 ἵππων
517 3252 605 3338 όρδδι
622 3253 789 3335 πεπηγότα
807 3245 911 3335 εἶχον·
933 3254 1147 3337 προβλήματα

147 3355 184 3424 δέ
216 3356 285 3424 ἀντ’
316 3359 466 3425 άσπίδων
493 3357 663 3424 έποιεῦντο
691 3357 842 3444 γεράνων
870 3357 979 3444 δοράς.
1024 3362 1147 3443 Λίβυες
1166 3377 1197 3426 71

147 3458 184 3527 δέ
208 3464 329 3550 σκευην
355 3459 417 3550 μέν
440 3466 599 3547 σκυτίνην
621 3464 719 3547 ἤισαν
743 3465 882 3548 ἔχοντες,
905 3463 1086 3530 ἀκοντίοισι
1110 3461 1146 3532 δέ
