2640 3960
218 240 285 304 110
629 239 815 296 HERODOTI

216 401 320 466 σφεας
351 384 586 468 χειρωσάμενοι
618 383 734 468 ἐξῆγον
761 383 963 461 ἀπολέοντες.
1008 384 1071 450 ἀπὸ
1098 385 1219 450 τούτου

217 485 330 553 δὲκαὶ
359 489 437 571 άγος
464 505 525 573 σφι
549 488 693 572 ἐγένετο,
720 490 758 554 τὸ
782 489 991 555 ἐκθύσασθαι
1014 490 1075 556 οὐκ
1097 482 1220 555 οἷοίτε
1313 513 1314 520 “

217 594 366 677 ἐγίνοντο
403 595 701 680 ἐπιμηχανώμενοι,
734 592 805 660 ἀλλ’
841 599 995 678 ἔφθησαν
1029 595 1221 674 ἐκπεσόντες
1313 587 1314 592 ¹

216 702 377 784 πρότερον
414 700 449 767 ἐκ
481 710 538 784 τῆς
563 702 669 783 νήσου
700 701 722 783 ῆ
753 716 815 784 σφι
849 701 939 766 ἵλεον
970 699 1129 784 γενέσθαι
1159 706 1221 787 τήν

216 809 308 872 θεόν.
359 805 572 884 ἑπτακοσίους
603 808 667 892 γὰρ
700 808 741 890 όή
768 815 829 872 τοῦ
856 808 964 892 δήμου
997 812 1221 892 ζωγρήσαντες

217 911 335 996 ἐξῆγον
358 913 403 990 ὡς
425 911 630 994 ἀπολέοντες,
654 903 700 988 εἷς
724 910 764 977 δέ
782 936 832 989 τις
854 914 981 978 τούτων
1004 913 1159 998 ἐκφυγὼν
1180 918 1220 980 τά

118 1088 121 1096 ,
218 1020 321 1102 δεσμά
358 1020 556 1102 καταφεύγει
592 1019 674 1102 πρὸς
707 1020 863 1102 πρόθυρα
893 1022 1070 1103 Δήμητρος
1100 1026 1220 1105 θεσμο-

216 1128 336 1210 φόρου,
360 1124 594 1208 ἐπιλαβόμενος
617 1120 654 1188 ἀὲ
676 1134 742 1188 τῶν
765 1122 1016 1207 ἐπισπαστήρων
1038 1130 1152 1209 είχετο.
1188 1128 1222 1192 οί

218 1228 255 1297 ἀὲ
284 1231 388 1296 ἐπείτε
410 1253 467 1313 μιν
494 1229 682 1294 ἀποσπάσαι
704 1228 766 1294 οὐκ
789 1220 911 1294 οἷοίτε
938 1230 1134 1308 ἀπέλκοντες
1155 1231 1221 1316 ἐγί

216 1359 327 1420 νοντο,
346 1336 570 1412 ἀποκόψαντες
587 1335 692 1399 αὐτοῦ
709 1336 766 1411 τάς
779 1347 888 1418 χεῖρας
901 1331 985 1418 ήγον
999 1336 1097 1420 οὕτω,
1115 1348 1221 1424 χεῖρες

165 1454 197 1502 92
217 1441 254 1509 όὲ
273 1453 378 1508 κεῖναι
397 1441 617 1525 ἐμπεφυκυῖαι
635 1436 720 1522 ἦσαν
737 1452 823 1507 τοῖσι
841 1441 1087 1526 ἐπισπαστῆρσι.
1118 1452 1221 1509 ταῦτα

216 1549 277 1635 μέν
298 1573 363 1614 νυν
386 1547 489 1632 σφέας
512 1547 633 1623 αὐτοὺς
655 1546 691 1611 οί
710 1548 884 1630 Αἰγινῆται
907 1547 1104 1631 ἐργάσαντο,
1125 1543 1220 1630 Ἀθη-

215 1657 340 1720 ναίοισι
372 1649 408 1718 δέ
440 1653 559 1736 ήκουσι
591 1651 821 1735 ἐναυμάχησαν
851 1650 952 1734 νηυσὶ
984 1651 1220 1738 ἑβδομήκοντα,

217 1758 419 1835 ἑσσωθέντες
446 1755 483 1823 δὲ
505 1765 545 1840 τῆ
566 1760 731 1842 ναυμαχίῃ
759 1756 971 1822 ἐπεκαλέοντο
998 1761 1078 1836 τοὺς
1099 1759 1222 1837 αὐτοὺς
1317 1757 1318 1812 3

218 1868 321 1948 [τοὺς]
346 1861 400 1929 καὶ
423 1866 594 1948 πρότερον,
615 1859 790 1947 Ἀργείους.
826 1859 881 1926 καὶ
904 1863 946 1944 δή
969 1879 1030 1947 σφι
1048 1859 1143 1930 οὗτοι
1160 1863 1223 1948 μὲν
1311 1923 1318 1946 <

218 1967 326 2038 οὐκέτι
340 1968 533 2053 βοηθέουσι,
548 1970 753 2053 μεμφόμενοι
767 1969 817 2032 ὅτι
826 1969 996 2050 Αἰγιναῖαι
1009 1968 1081 2046 νέες
1094 1970 1223 2056 ἀνάγκη
1318 1975 1319 1986 ’

216 2081 421 2161 λαμφθεῖσαι
443 2075 507 2140 ὐπὸ
526 2073 729 2158 Κλεομένεος
752 2076 849 2158 ἔσχον
866 2097 901 2138 τε
920 2074 953 2150 ἐς
969 2076 1031 2158 τήν
1046 2071 1222 2160 Ἀργολίόα

215 2183 327 2266 χώρην
345 2180 400 2246 καὶ
414 2179 646 2262 συναπέβησαν
660 2180 967 2263 Λακεδαιμονίοισι·
985 2181 1222 2267 συναπέβησαν

216 2284 253 2351 όὲ
280 2283 335 2350 καὶ
363 2286 426 2350 ἀπὸ
450 2284 665 2350 Σικυωνιέων
691 2275 779 2349 νεῶν
805 2285 925 2368 άνόρες
950 2293 990 2369 τῆ
1012 2287 1096 2371 αὐτῆ
1118 2293 1222 2376 ταύτη

216 2390 345 2474 ἐσβολῆ.
390 2392 448 2454 καί
472 2406 534 2470 σφι
560 2386 616 2453 ὐπ’
644 2385 801 2472 Ἀργείων
824 2389 989 2472 ἐπεβλήθη
1014 2394 1109 2475 ζημίη
1133 2399 1225 2478 χίλια

215 2495 358 2560 τάλαντα
378 2493 511 2576 ἐκτῖσαι,
529 2496 727 2558 πεντακόσια
746 2493 927 2578 ἑκατέρους.
959 2499 1143 2565 Σικυώνιοι
1161 2502 1223 2584 μέν

216 2625 282 2667 νυν
305 2601 505 2682 συγγνόντες
527 2599 681 2682 ἀδικῆσαι
704 2600 920 2684 ὡμολόγησαν
944 2600 1060 2668 ἑκατὸν
1077 2605 1224 2672 τάλαντα

217 2710 401 2784 ἐκτίσαντες
423 2706 551 2790 ἀζήμιοι
575 2701 670 2788 εἶναι,
693 2709 869 2789 Αἰγινῆται
892 2703 928 2772 δέ
947 2708 1024 2773 οὐτε
1042 2714 1225 2793 συνεγινώ-

217 2832 337 2881 σκοντο
365 2809 450 2898 ἦσάν
476 2837 512 2878 τε
538 2812 788 2897 αὐθαδέστεροι.
835 2814 890 2878 διά
920 2813 961 2896 δή
983 2823 1086 2879 ταῦτα
1109 2817 1225 2902 δεομέ-

217 2938 307 2987 νοισι
330 2920 393 2986 ἀπὸ
416 2917 478 3003 μέν
499 2928 561 2985 τοῦ
579 2921 742 3003 δημοσίου
761 2916 871 2995 οὐδεὶς
886 2913 1042 3002 Ἀργείων
1061 2923 1110 2986 ἔτι
1128 2922 1225 3007 ἐβοή-
1316 2925 1319 2938 “

217 3034 292 3109 θεε,
312 3023 485 3092 ἐθελονταὶ
504 3022 541 3090 ἀὲ
560 3025 593 3101 ἐς
611 3027 750 3110 χιλίους·
768 3019 827 3106 ήγε
846 3020 883 3089 δὲ
901 3023 1023 3102 αὐτοὺς
1039 3030 1226 3111 στρατηγὸς

168 3205 170 3208 ,
219 3132 317 3215 [ἀνήρ
340 3122 367 3218 ᾧ
391 3131 532 3215 οὕνομα]
561 3130 771 3214 Εὐρυβάτης,
798 3130 1005 3195 πεντάεθλον
1028 3130 1226 3214 ἐπασκήσας.

218 3237 346 3300 τούτων
370 3236 405 3300 οί
424 3241 562 3312 πλεῦνες
585 3235 647 3300 οὐκ
669 3234 896 3316 ἀπενόστησαν
919 3234 1035 3317 ὀπίσω,
1058 3235 1130 3301 ἀλλ’
1158 3237 1225 3303 ἐτε-

218 3342 381 3422 λεύτησαν
403 3335 459 3404 ὐπ’
481 3338 669 3422 Ἀθηναίων
693 3340 730 3405 ἐν
747 3341 883 3424 Αἰγίνη·
907 3341 1006 3417 αὐτὸς
1028 3337 1066 3406 όέ
1087 3341 1106 3406 ὁ
1126 3363 1225 3429 στρα·

217 3445 317 3528 τηγός
347 3445 543 3528 Εὐρυβάτης
579 3448 807 3529 μουνομαχίην
844 3444 1011 3510 ἐπασκέων
1041 3457 1130 3528 τρεῖς
1162 3451 1224 3531 μὲν
