2678 3968
103 209 107 217 ’
238 248 308 312 282
654 246 839 302 αεεοοοα

239 391 317 456 οὔτε
340 391 461 468 αὐτοὺς
481 393 579 474 οἰκός,
602 391 645 476 ήν
664 394 706 457 σὺ
725 389 777 458 ἐπὶ
795 391 855 474 τήν
869 393 1128 474 Πελοπόννησον
1148 389 1244 454 ἐλαύ·

240 518 303 580 νης
324 498 383 561 τὸν
404 499 502 576 πεζὸν
525 499 675 581 στρατόν,
699 497 863 582 ἀτρεμιεῖν
885 499 962 572 τοὺς
984 495 1113 561 ἐκεῖθεν
1132 495 1244 559 αὐτῶν

241 600 391 683 ἥκοντας,
414 601 496 667 οὐδέ
516 619 576 686 σφι
598 605 730 686 μελήσει
752 603 816 687 πρὸ
839 612 905 666 τῶν
925 597 1094 684 Ἀθηνέων
1116 619 1243 684 ναυμα-

203 732 223 782 γ
242 704 337 788 χέειν.
369 706 411 790 ήν
429 704 465 772 δέ
481 708 596 772 αὐτίκα
614 709 767 792 ἐπειχθῇς
784 716 1002 792 ναυμαχῆσαι,
1022 708 1180 790 δειμαίνω
1198 705 1242 790 μή

242 810 260 875 ὁ
274 814 428 889 ναυτικὸς
445 814 582 898 στρατὸς
599 811 763 888 κακωθεὶς
780 813 840 877 τὸν
853 815 950 890 πεζὸν
964 813 1242 895 προσδηλήσηται.

241 918 324 1001 πρὸς
355 917 406 999 δέ,
440 913 639 1002 ὦβασιλεῦ,
659 915 725 994 Ικαὶ
751 919 828 984 τόδε
855 917 888 994 ἐς
913 919 1026 1001 θυμὸν
1053 917 1170 1000 βάλεν,
1199 915 1246 991 ὡς

239 1032 328 1087 τοῖσι
355 1019 415 1107 μὲν
439 1033 609 1108 χρηστοῖσι
629 1034 697 1088 τῶν
720 1022 910 1106 ἀνθρώπων
931 1019 1026 1088 κακοί
1049 1023 1166 1088 δοῦλοι
1189 1045 1245 1103 φι-
1321 1055 1322 1062 1

239 1125 356 1193 λέουσι
385 1133 555 1211 γίνεσθαι,
586 1139 673 1194 τοῖσι
705 1125 741 1193 δέ
773 1139 902 1193 κακοῖσι
933 1129 1078 1212 χρηστοί.
1124 1125 1179 1191 σοὶ
1206 1123 1247 1192 δὲ

241 1231 332 1297 ἐόντι
354 1232 475 1320 ἀρίστῳ
498 1233 631 1318 ἀνδρῶν
653 1232 786 1297 πάντων
803 1230 897 1297 κακοὶ
916 1234 1031 1297 δοῦλοι
1050 1233 1125 1312 εἰσί,
1149 1232 1186 1296 οἳ
1206 1229 1247 1294 ἐν

242 1338 422 1422 συμμάχων
449 1341 536 1425 λόγῳ
563 1336 714 1420 λέγονται
742 1333 841 1420 εἶναι,
872 1337 981 1414 ἐόντες
1003 1337 1187 1420 Αἰγύπτιοί
1209 1359 1246 1400 τε
1321 1375 1322 1414 η

242 1439 297 1506 καὶ
323 1443 469 1526 Κύπριοι
495 1440 549 1507 καὶ
571 1445 704 1519 Κίλικες
729 1440 784 1508 καὶ
807 1442 1002 1526 Πάμφυλοι,
1029 1452 1096 1506 τῶν
1123 1442 1248 1525 ὄφελός
1321 1465 1322 1490 1

188 1567 224 1616 ⁶9
243 1547 312 1612 ἐστι
341 1547 450 1613 οὐδέν.
494 1557 596 1613 ταῦτα
628 1549 788 1632 λεγούσης
813 1548 896 1627 πρὸς
923 1549 1136 1632 Μαρδόνιον,
1169 1547 1247 1611 ὅσοι

242 1649 304 1737 μὲν
330 1649 415 1736 ἦσαν
443 1653 556 1719 εὔνοοι
581 1661 621 1737 τῇ
640 1650 839 1738 Ἀρτεμισίη,
868 1655 1045 1736 συμφορήν
1072 1651 1246 1716 ἐποιεῦντο

243 1760 320 1834 τοὺς
346 1760 467 1840 λόγους
494 1758 538 1834 ὡς
564 1760 666 1823 κακόν
692 1781 724 1822 τι
749 1755 945 1842 πεισομένης
970 1758 1053 1841 πρὸς
1080 1755 1247 1839 βασιλέως,

243 1863 295 1927 δτι
318 1862 379 1927 οὐκ
401 1864 439 1926 ἐα
461 1865 647 1946 ναυμαχίην
669 1860 855 1926 ποιέεσθαι·
880 1862 915 1926 οί
935 1858 973 1926 δέ
995 1861 1191 1946 ἀγαιόμενοί
1209 1885 1247 1926 τε

243 1964 299 2032 καὶ
321 1967 524 2050 φθονέοντες
542 1967 634 2052 αὐτῇ,
653 1967 709 2031 ἀτε
727 1965 764 2032 έν
781 1967 940 2051 πρώτοισι
957 1965 1170 2050 τετιμημένης
1190 1967 1248 2031 διὰ

181 2143 184 2150 ,
243 2073 377 2138 πάντων
408 2084 475 2138 τῶν
506 2072 703 2157 συμμάχων,
738 2071 912 2156 ἐτέρποντο
945 2080 984 2156 τῇ
1016 2072 1169 2157 ἀνακρίσι
1201 2072 1246 2148 ὡς

243 2177 466 2262 ἀπολεομένης
488 2178 596 2261 αὐτῆς.
637 2174 706 2242 ε’πεί
730 2174 766 2241 δὲ
789 2176 1035 2261 ἀνηνείχθησαν
1058 2177 1095 2240 αί
1114 2187 1248 2260 γνῶμαι

243 2281 279 2358 ἐς
300 2281 440 2366 Ξέρξην,
467 2283 569 2365 κάρτα
591 2305 626 2347 τε
653 2283 741 2365 ήσθη
769 2289 808 2366 τῇ
832 2283 947 2368 γνώμη
973 2291 1013 2367 τῇ
1033 2277 1248 2368 Ἀρτεμισίης,

244 2383 300 2450 καὶ
317 2390 460 2469 νομίζων
484 2389 531 2452 ἔτι
552 2389 714 2471 πρότερον
736 2389 922 2470 σπουδαίην
940 2381 1026 2452 εἶναι
1042 2389 1116 2452 τότε
1132 2389 1248 2474 πολλῷ

243 2496 371 2576 μᾶλλον
389 2496 486 2556 αἴνεε.
518 2491 605 2575 ὅμως
623 2488 660 2555 δὲ
674 2501 759 2555 τοῖσι
777 2489 891 2555 πλέοσι
908 2494 1088 2556 πείθεσθαι
1106 2491 1248 2574 ἐκέλευε,

243 2598 323 2662 τόδε
344 2595 534 2678 καταδόξας,
557 2597 640 2682 πρὸς
662 2592 722 2680 μὲν
740 2595 868 2680 Εὐβοίῃ
891 2593 995 2680 σφέας
1016 2595 1249 2661 ἐθελοκακέειν

244 2704 290 2780 ὡς
317 2702 358 2768 οὐ
379 2704 558 2786 παρεόντος
581 2701 698 2784 αὐτοῦ,
726 2702 798 2764 τότε
822 2695 859 2764 δὲ
881 2699 979 2776 αὐτὸς
1000 2702 1249 2786 παρεσκεύαστο

245 2812 435 2894 θεήσασθαι
456 2805 709 2892 ναυμαχέοντας.

168 2955 171 2960 ⁴
192 2931 229 2982 κο
332 2910 419 2980 Ἐπεί
442 2909 479 2978 δέ
496 2915 724 2997 παρήγγελλον
743 2907 929 2993 ἀναπλέειν,
952 2910 1077 2994 ἀνῆγον
1094 2913 1152 2988 τὰς
1168 2913 1251 2992 νέας
1318 2923 1322 2938 ⁴

247 3019 300 3086 ἐπὶ
331 3023 392 3102 τήν
422 3023 611 3103 Σαλαμῖνα,
643 3015 697 3081 καὶ
728 3018 978 3100 παρεκρίθησαν
1014 3017 1250 3102 διαταχθέντες

246 3120 317 3190 κατ’
339 3124 488 3208 ἡσυχίην.
524 3125 597 3188 τότε
614 3120 675 3205 μέν
693 3145 757 3186 νυν
776 3120 838 3185 οὐκ
856 3119 1009 3206 ἐξέχρησέ
1024 3137 1086 3206 σφι
1102 3121 1123 3206 ἡ
1141 3122 1249 3208 ἡμέρη

245 3231 433 3314 ναυμαχίην
468 3230 690 3311 ποιήσασθαι·
726 3225 786 3304 νὺξ
822 3227 885 3310 γάρ
922 3224 1104 3309 ἐπεγένετο·
1140 3228 1176 3292 οί
1210 3227 1251 3294 δὲ

245 3333 526 3418 παρεσκευάζοντο
553 3331 586 3408 ἐς
611 3333 672 3414 τήν
699 3332 885 3416 ὑστεραίην.
925 3333 1004 3408 τοὺς
1031 3328 1068 3397 δέ
1086 3331 1250 3416 Ἕλληνας

246 3433 313 3524 εἶχε
346 3436 420 3512 δέος
449 3459 484 3501 τε
511 3433 566 3500 καὶ
592 3435 755 3522 ἀρρωδίη,
786 3435 847 3500 οὐκ
873 3437 988 3521 ἥκιστα
1015 3434 1052 3501 δέ
1078 3439 1156 3514 τοὺς
1182 3437 1249 3504 ἀπὸ
