2678 3968
376 249 443 304 ΜΒ.
459 249 531 304 vm.
569 249 646 304 οΑΡ.
666 257 791 317 ει-οε,
807 253 832 322 β.
1043 251 1107 316 281

108 391 327 476 μετάπεμπτοι
354 392 390 457 οί
412 403 479 458 τῶν
507 389 635 458 ἐθνέων
661 404 728 457 τῶν
755 394 925 477 σφετέρων
949 397 1110 481 τύραννοι

107 495 164 562 καλ
185 496 353 582 ταξίαρχοι
375 497 438 563 άπὸ
461 507 528 563 τῶν
550 509 647 579 νεῶν,
670 495 725 562 καλ
748 498 856 577 ἵζοντο
875 500 920 576 ώς
937 517 997 583 σφι
1016 503 1106 584 βασι·

108 605 185 678 λεὺς
208 601 330 690 ἑκάστῳ
352 603 451 688 τιμήν
474 602 645 684 ἐδεδώκεε,
668 613 797 688 πρῶτος
818 601 879 688 μέν
902 603 920 669 δ
944 606 1111 682 Σιδώνιος

109 709 305 790 [βασιλεύς],
329 710 409 792 μετὰ
436 705 472 772 δὲ
500 707 518 773 δ
546 710 680 793 Τύριος,
704 707 757 773 ἐπὶ
784 705 821 773 δέ
847 703 955 775 ὧλλοι.
1001 711 1045 787 ὡς
1072 708 1108 776 δὲ

107 815 220 900 κύσμφ
239 812 350 897 ἐπεξῆς
364 814 482 896 ἵζοντο,
501 813 630 898 πέμψας
643 812 765 899 Ξέρξης
777 815 977 898 Μαρδόνιον
991 816 1108 900 εἰρώτα
1240 894 1244 899 ¹

108 918 374 1003 ἀποπειρώμενος
403 917 541 984 ἑκάστου
568 921 600 984 εί
624 924 810 1004 ναυμαχίην
836 919 990 985 ποιέοιτο.
1039 917 1108 985 έπελ
1127 939 1162 988 οε

8 1055 9 1060 ’
107 1021 147 1088 δέ
177 1025 313 1108 περιιών
345 1025 463 1110 εἰρώτα
491 1023 509 1090 ὁ
532 1026 726 1110 Μαρδόνιος
752 1024 932 1109 ἀρξάμενος
958 1025 1021 1090 άπὸ
1047 1033 1108 1089 τοῦ

107 1130 295 1210 Σιδωνίου,
328 1130 364 1194 ολ
387 1126 448 1213 μέν
475 1130 569 1194 άλλοι
596 1131 677 1195 κατά
703 1129 808 1194 τώυτὸ
838 1131 974 1214 γνώμην
1001 1128 1109 1214 ἐξεφέ-

108 1259 220 1320 ροντο,
242 1236 433 1312 κελεύοντες
453 1239 641 1320 ναυμαχίην
662 1234 845 1318 ποιέεσθαι,
866 1230 1048 1321 Ἀρτεμισίη
1072 1231 1109 1300 δέ

107 1341 186 1406 τάδε
218 1343 294 1425 ἔφη·
326 1342 444 1405 Είπεῑν
470 1363 528 1424 μοι
558 1342 640 1426 πρὸς
667 1339 817 1424 βασιλέα,
847 1342 1034 1426 Μαρδόνιε,
1061 1340 1106 1416 ὡς
1124 1371 1145 1405 α

107 1445 172 1529 ἐγὼ
199 1446 278 1510 τάδε
304 1444 404 1528 λέγω,
435 1446 510 1510 ούτε
533 1449 668 1529 κακίστη
690 1445 851 1530 γενομένη
875 1446 911 1511 έν
932 1454 1007 1530 τῇσι
1029 1469 1108 1510 ναυ-

107 1554 242 1636 μαχίησι
263 1559 337 1636 τῇσι
359 1551 442 1636 πρὸς
463 1551 591 1636 Εύβοίη
610 1553 687 1616 ούτε
705 1551 856 1636 ἐλάχιστα
874 1549 1107 1635 ἀποδεξαμένη.

108 1655 260 1738 δέσποτα,
283 1657 344 1740 τήν
367 1653 405 1721 δέ
423 1656 544 1722 ἐοῦσαν
562 1658 699 1741 γνώμην
716 1680 756 1741 με
775 1659 904 1722 δίκαιόν
922 1657 1011 1723 ἐστιν
1029 1656 1109 1722 ἀπο-

8 1821 9 1826 ,
110 1762 320 1843 δείκνυσθαι,
351 1763 392 1826 τὰ
422 1762 573 1845 τυγχάνω
605 1760 796 1846 φρονέουσα
823 1762 939 1844 ἀριστα
966 1762 999 1838 ἐς
1027 1764 1108 1845 πρή-

108 1891 214 1951 γματα
240 1868 280 1931 τά
308 1867 358 1931 σά.
402 1870 530 1931 καίτοι
556 1867 635 1931 τάδε
664 1866 764 1950 λέγω,
793 1869 906 1950 φείδεο
933 1878 1000 1932 τῶν
1021 1877 1110 1931 νεών

7 2051 8 2054 ¹
107 1969 191 2058 μηδὲ
208 1974 395 2056 ναυμαχίην
413 1969 520 2037 ποιέο·
539 1973 575 2036 οί
584 1973 648 2056 γάρ
666 1973 784 2054 ἀνδρες
802 1982 869 2036 τῶν
887 1981 956 2036 σῶν
975 1972 1111 2057 ἀνδρῶν

107 2077 283 2161 κρέσσονες
313 2081 452 2142 τοσοῦτό
482 2079 546 2142 είσι
572 2078 653 2142 κατὰ
679 2077 854 2142 θάλασσαν
881 2077 962 2143 ὅσον
990 2077 1111 2161 ἀνδρες

107 2194 284 2267 γυναικών.
327 2186 363 2247 τί
387 2180 424 2249 δέ
450 2184 581 2259 πάντως
608 2184 661 2247 δεῖ
685 2199 722 2247 σε
748 2185 949 2268 ναυμαχίησι
975 2182 1109 2248 ἀνακιν-

108 2288 276 2366 δυνεύειν;
315 2287 376 2354 οὐκ
399 2291 482 2372 ἔχεις
505 2284 566 2372 μὲν
588 2289 645 2364 τάς
660 2285 812 2370 Ἀθήνας,
835 2298 902 2352 τῶν
920 2309 981 2372 περ
999 2288 1108 2353 εἵνεκα

108 2394 261 2478 ὁρμήθης
287 2394 538 2479 στρατεύεσθαι,
566 2395 649 2477 ἔχεις
676 2389 713 2458 δὲ
739 2393 800 2476 τήν
826 2394 930 2476 ἀλλην
952 2390 1107 2472 Ἑλλάδος

108 2499 263 2584 ἐμποδὼν
285 2498 326 2564 δέ
339 2521 391 2564 τοι
414 2499 541 2564 ἵσταται
564 2499 687 2576 οὐδείς·
711 2501 747 2563 οἳ
766 2497 806 2564 δέ
820 2522 872 2563 τοι
894 2498 1107 2582 ἀντέστησαν,

108 2604 296 2688 ἀπήλλαξαν
319 2604 405 2670 οὕτω
428 2604 473 2681 ώς
494 2607 625 2681 κείνους
645 2607 771 2687 ἔπρεπε.
806 2613 845 2689 τῇ
864 2601 902 2669 δὲ
920 2605 983 2688 ἐγὼ
1003 2604 1106 2669 δοκέω
1125 2616 1146 2688 β

108 2711 336 2794 ἀποβήσεσθαι
367 2711 407 2774 τά
437 2721 505 2775 τῶν
537 2709 763 2794 ἀντιπολέμων
789 2712 976 2794 πρήγματα,
1008 2718 1106 2774 τοῦτο

108 2817 239 2901 φράσω·
270 2814 313 2900 ἣν
340 2811 400 2900 μὲν
428 2817 471 2900 μή
502 2815 656 2900 ἐπειχθῇς
686 2817 873 2899 ναυμαχίην
902 2815 1107 2898 ποιεύμενος,

107 2922 190 2987 ἀλλά
211 2923 269 2999 τὰς
290 2920 367 2998 νέας
390 2920 493 2986 αὐτοῦ
516 2923 590 3006 έχης
612 2921 695 3004 πρὸς
716 2927 759 3004 γη
781 2917 890 3003 μένων
912 2916 1006 3003 ἣκαὶ
1028 2939 1108 3003 προ·
1148 2937 1150 2942 ·

108 3029 234 3110 βαίνων
257 3026 291 3103 ἐς
312 3027 373 3110 τήν
394 3027 665 3108 Πελοπόννησον,
689 3022 848 3100 εὐπετέως
869 3047 931 3106 τοι,
955 3022 1108 3106 δέσποτα,

107 3135 248 3218 χωρήσει
274 3133 314 3196 τά
342 3130 448 3197 νοέων
475 3130 647 3214 ἐλήλυθας.
689 3129 730 3194 ού
752 3130 815 3213 γάρ
839 3121 960 3194 οἷοίτε
982 3131 1109 3194 πολλὸν

106 3241 230 3322 χρόνον
252 3239 319 3303 είσί
337 3260 390 3303 τοι
412 3234 559 3321 ἀντέχειν
582 3237 617 3300 οί
628 3233 794 3317 Ἕλληνες,
818 3233 900 3299 ἀλλά
917 3250 1021 3318 σφεας
1038 3236 1107 3300 δια-

106 3345 241 3430 σκεδᾷς,
268 3344 349 3407 κατὰ
375 3345 469 3419 πόλις
497 3338 534 3406 δὲ
561 3340 691 3406 ἕκαστοι
714 3339 900 3423 φεύξονται.
946 3339 1022 3406 οὔτε
1043 3343 1109 3426 γάρ

106 3459 198 3524 σῖτος
215 3447 302 3533 πάρα
321 3465 382 3532 σφι
400 3447 437 3513 έν
455 3456 494 3532 τῇ
512 3449 602 3534 νήσῳ
616 3446 728 3532 ταύτη,
748 3445 792 3522 ώς
806 3445 869 3529 ἐγὼ
882 3446 1109 3532 πυνθάνομαι,
