2678 3970
197 209 260 274 188
608 165 795 268 εειιὸοοει

197 346 234 417 δέ
257 347 388 416 Νέστον
411 347 530 436 ῥέοντα
553 349 586 426 ές
607 348 792 415 θάλασσαν.
837 349 918 435 μετὰ
941 345 977 416 δέ
999 349 1120 425 ταύτας
1142 349 1207 426 τὰς
1311 365 1312 372 ’

196 456 304 542 χώρας
323 457 384 520 ίὼν
405 457 462 533 τὰς
484 455 701 541 ἠπειρώτιδας
723 456 817 532 πόλις
839 457 968 540 παρήιε,
990 465 1057 519 τῶν
1080 453 1118 521 έν
1141 463 1207 540 μιῇ

197 565 295 648 λίμνη
315 561 415 628 έοῦσα
433 562 588 647 τυγχάνει
606 559 685 626 ώσελ
701 562 878 645 τριήκοντα
897 561 1041 627 σταδίων
1058 561 1206 644 μάλιστά
1316 604 1317 615 ι

196 690 238 753 κη
268 667 330 752 τήν
361 669 534 754 περίοδον,
568 667 737 752 ἰχθυώδης
765 690 800 732 τε
830 665 887 733 καὶ
921 667 1024 750 κάρτα
1056 665 1206 751 ἁλμυρή·

196 774 321 857 ταύτην
349 775 389 838 τά
416 773 576 857 ὑποζύγια
599 782 707 857 μοῦνα
734 772 900 859 ἀρδόμενα
928 771 1116 860 ἀνεξήρηνε.
1160 780 1205 856 τῇ

132 930 136 940 .
198 877 234 946 δέ
255 883 333 945 πόλι
354 879 457 964 ταότη
481 879 609 963 οὔνομά
631 878 701 944 ἐστι
724 882 900 962 Πίστυρος.
935 878 1057 954 ταύτας
1078 873 1203 961 μὲνδὴ
1313 881 1321 930 Τ·

196 987 254 1062 τὰς
284 988 401 1061 πόλιας
425 986 484 1060 τδς
511 988 785 1070 παραθαλασσίας
805 1007 841 1050 τε
867 981 924 1050 καλ
946 980 1141 1067 Ἑλληνίδας
1168 983 1204 1064 έξ

130 1109 196 1157 ·110
207 1090 382 1176 εὐωνύμου
401 1091 510 1175 χειρὸς
528 1088 680 1175 άπέργων
697 1088 860 1175 παρεξήιε,
879 1093 981 1155 ἔθνεα
996 1085 1033 1155 δὲ
1047 1092 1203 1174 Θρηίκων

199 1193 242 1263 δι’
270 1191 317 1262 ὧν
338 1205 396 1280 τῆς
417 1197 525 1282 χώρης
547 1195 628 1262 ὁδὸν
651 1194 794 1262 ἐποιέετο
821 1195 956 1278 τοσάδε,
981 1199 1117 1278 Παῖτοι,
1141 1197 1205 1259 Κί-

197 1322 303 1385 κονες,
326 1305 495 1384 Βίστονες,
517 1305 674 1384 Σαπαῖοι,
692 1305 864 1387 Δερσαῖοι,
884 1297 1039 1383 Ἠδωνοί,
1062 1301 1203 1386 Σάτραι.

197 1408 325 1474 τούτων
353 1407 389 1472 ολ
412 1403 472 1493 μέν
498 1409 588 1492 παρὰ
612 1407 789 1473 θάλασσαν
811 1406 1043 1492 κατοικημένοι
1066 1406 1103 1472 έν
1125 1415 1204 1492 τῇσι

199 1511 299 1596 νηυσὶ
326 1513 472 1579 εἵποντο·
504 1513 539 1578 ολ
559 1510 598 1579 δὲ
619 1512 730 1578 αὐτῶν
751 1514 812 1597 τήν
835 1516 1015 1599 μεσόγαιαν
1039 1511 1205 1588 οἰκέοντες

199 1617 453 1704 καταλεχθέντες
479 1641 513 1685 τε
540 1615 596 1683 ὑπ’
627 1617 721 1703 ἐμεῦ,
747 1619 835 1702 πλήν
861 1617 1020 1704 Σατρέων
1048 1620 1084 1684 ολ
1108 1619 1206 1684 άλλοι
1316 1624 1322 1655 ’

149 1725 328 1802 εειπάντες
349 1727 426 1809 πεζή
449 1723 706 1809 ἀναγκαζόμενοι
728 1725 870 1790 εἵποντο.
906 1724 1034 1806 Σάτραι
1052 1720 1090 1789 δὲ
1109 1724 1205 1790 οὐδε·

200 1833 259 1908 νός
276 1855 322 1896 κω
342 1830 532 1916 ἀνθρώπων
551 1829 692 1913 ὑπήκοοι
710 1828 874 1912 ἐγένοντο,
894 1830 976 1895 ὅσον
989 1829 1083 1914 ήμεῐς
1096 1831 1203 1916 ίδμεν,

201 1937 283 2002 ἀλλὰ
311 1939 495 2003 διατελεῦσι
522 1938 558 2003 τδ
585 1935 680 2022 μέχρι
706 1935 784 2020 ἐμεῦ
811 1935 876 2002 αἰεὶ
898 1936 1008 2014 έόντες
1031 1936 1205 2023 έλεόθεροι

201 2051 321 2127 μοῦνοι
344 2046 512 2129 Θρηίκων·
544 2042 693 2108 οἰκέουσί
711 2065 747 2108 τε
772 2043 836 2128 γάρ
859 2043 937 2127 ὄρεα
959 2042 1084 2126 ὑψηλά,
1112 2044 1209 2129 ίδησί

201 2170 236 2212 τε
258 2152 434 2234 παντοίησι
451 2147 506 2213 καὶ
524 2152 611 2234 χιόνι
630 2146 828 2233 συνηρεφέα,
851 2145 907 2214 καὶ
925 2146 990 2213 εἰσὶ
1006 2149 1046 2214 τά
1063 2148 1205 2234 πολέμια

202 2252 308 2337 ἄκροι,
333 2247 426 2316 οὗτοι
449 2255 485 2317 οἳ
502 2261 563 2317 τοῦ
586 2253 760 2318 Διονύσου
781 2254 819 2318 τὸ
842 2237 1003 2337 μαντήιόν
1026 2255 1091 2320 εἰσι
1114 2254 1207 2338 έκτη-

202 2341 304 2442 μένοι.
341 2357 378 2420 τὸ
402 2353 439 2422 δὲ
462 2361 622 2441 μαντήιον
645 2367 744 2449 τοῦτο
767 2361 836 2423 ἔστι
858 2355 919 2443 μέν
942 2356 1079 2424 ἐπὶτῶν
1098 2359 1207 2443 ὀρέων

201 2473 269 2528 τῶν
287 2461 514 2544 ὑψηλοτάτων,
533 2460 661 2546 Βησσοὶ
679 2459 716 2528 δέ
733 2473 800 2528 τῶν
819 2463 977 2550 Σατρέων
996 2463 1060 2530 είσλ
1079 2466 1115 2530 οί
1124 2486 1206 2548 προ-

203 2568 402 2654 φητεύοντες
418 2576 479 2632 τοῦ
498 2567 583 2652 ίροῦ,
606 2571 787 2655 πρόμαντις
805 2565 842 2635 δὲ
859 2569 880 2653 ή
898 2568 1028 2655 χρέωσα
1044 2572 1126 2636 κατά
1142 2593 1207 2656 περ

203 2677 240 2744 έν
262 2681 441 2760 Δελφοῖσι,
464 2671 520 2740 καὶ
542 2671 643 2740 οὐδέν
665 2675 909 2761 ποικιλώτερον.

154 2805 203 2854 ιιε
292 2781 591 2868 Παραμειψάμενος
614 2778 650 2846 δὲ
673 2781 692 2846 δ
710 2779 832 2867 Ξέρξης
853 2783 914 2866 τήν
935 2781 1113 2869 εἰρημένην
1131 2785 1207 2850 δεό-

203 2914 281 2975 τερα
303 2889 431 2956 τούτων
453 2889 671 2974 παραμείβετο
694 2890 799 2972 τείχεα
826 2889 866 2953 τά
889 2887 1038 2974 Πιέρων,
1065 2901 1132 2954 τῶν
1156 2888 1209 2956 ἑνὶ
1323 2965 1324 2984 χ

207 2997 341 3084 Φάγρης
364 2993 432 3062 έστλ
455 2995 583 3080 οὕνομα
605 2991 661 3060 καλ
684 2991 782 3081 ἑτέρω
801 2993 986 3079 Πέργαμος.
1022 2996 1124 3081 ταῦτη
1144 2996 1208 3080 μὲν
1323 2997 1324 3006 ’

205 3103 247 3186 δή
269 3098 347 3188 παρ’
373 3101 456 3166 αὐτὰ
477 3103 518 3168 τά
538 3103 645 3186 τείχεα
667 3101 729 3185 τήν
752 3099 833 3167 ὁδὸν
856 3098 1017 3184 ἐποιέετο,
1040 3100 1077 3167 ἐκ
1099 3099 1209 3186 δεξιῆς
1323 3177 1324 3186 χ

204 3208 313 3292 χειρὸς
338 3207 376 3272 τὸ
398 3205 573 3289 Πάγγαιον
601 3207 679 3292 όρος
706 3204 874 3290 ἀπέργων,
903 3205 958 3271 έδν
986 3204 1069 3291 μέγα
1091 3229 1126 3271 τε
1152 3204 1208 3272 καὶ

205 3312 345 3394 ὑψηλόν,
369 3309 406 3374 έν
427 3317 472 3397 τῷ
495 3311 618 3396 χρύσεά
634 3334 670 3376 τε
691 3308 747 3376 καὶ
769 3310 913 3396 όργόρεα
931 3313 982 3376 ἔνι
999 3309 1151 3397 μέταλλα,
1168 3313 1208 3377 τά
1323 3293 1324 3308 ¹

204 3415 361 3499 νέμονται
375 3412 494 3498 Πίερές
511 3439 546 3480 τε
564 3414 619 3480 καὶ
633 3413 826 3501 Ὀδόμαντοι
844 3414 899 3482 καλ
917 3417 1057 3500 μάλιστα
1071 3417 1207 3500 Σάτραι.

1310 3544 1324 3608 ἰ
