2640 3960
219 209 260 272 ῖς
630 209 816 265 Ησεοοοτι

217 351 410 435 τετρυμένοι
432 375 467 418 τε
490 356 731 438 ταλαιπωρίῃσί
750 377 784 420 τε
806 351 861 418 καλ
883 354 981 441 ἡλίῳ,
1005 355 1118 433 ἔλεξαν
1140 357 1226 438 πρὸς

219 456 362 534 ἑωυτοὺς
389 459 481 524 τάδε·
517 462 598 524 Τίνα
626 461 793 542 δαιμόνων
816 461 1021 544 παραβάντες
1043 461 1121 525 τάδε
1144 461 1225 526 ἀνα·

218 565 419 648 πίμπλαμεν;
444 565 563 641 οἵτινες
584 566 901 650 παραφρονήσαντες
923 563 979 630 καὶ
998 564 1226 644 ἐκπλώσαντες

218 668 255 734 ἐκ
277 679 336 735 τοῦ
359 673 441 735 νόου
459 668 557 754 ἀνδρί
577 669 723 736 Φωκαιέι·
743 670 887 753 ἀλαζόνι,
908 670 1123 758 παρεχομένῳ
1145 671 1226 749 νέας

217 787 315 860 τρεῖς,
340 775 569 858 ἐπιτρέψαντες
591 775 692 860 ἡμέας
714 777 836 853 αὐτοὺς
859 779 988 860 ἔχομεν·
1017 777 1035 844 ὁ
1059 773 1096 842 δὲ
1119 800 1226 862 παρα-

218 883 331 964 λαβὼν
357 881 457 966 ἡμέας
485 884 675 965 λυμαίνεται
702 883 824 968 λύμῃσι
852 882 1073 966 ἀνηκέστοισι,
1102 882 1157 950 καὶ
1181 885 1224 966 δὴ

218 986 336 1052 πολλοὶ
365 985 426 1072 μὲν
452 987 562 1071 ἡμέων
589 987 622 1064 ἐς
643 989 788 1064 νούσους
815 990 1016 1070 πεπτώκασι,
1044 987 1161 1055 πολλοὶ
1186 987 1224 1054 δὲ

219 1093 365 1172 ἐπίδοξοι
391 1094 496 1158 τώυτὸ
519 1102 617 1159 τοῦτο
640 1097 827 1158 πείσεσθαι·
859 1097 924 1179 πρό
946 1117 981 1161 τε
1004 1096 1133 1160 τούτων
1155 1106 1225 1160 τῶν

218 1211 328 1266 κακῶν
350 1199 429 1283 ἡμῖν
451 1223 489 1281 χε
511 1198 652 1285 κρέσσον
675 1197 729 1264 καὶ
748 1201 766 1265 ὅ
785 1223 816 1264 τι
834 1195 882 1266 ὧν
900 1202 982 1266 ἀλλο
1000 1207 1124 1268 παθεῖν
1142 1200 1224 1283 ἐστι,

218 1304 273 1370 καλ
286 1307 347 1388 τὴν
361 1305 546 1389 μέλλουσαν
565 1306 726 1388 δουληίην
744 1306 920 1390 ὑπομεῖναι
938 1308 1008 1388 ἡτις
1022 1309 1123 1390 ἔσται,
1142 1314 1225 1390 μᾶλ-

219 1417 280 1477 λον
306 1411 326 1495 ἡ
351 1420 390 1495 τῇ
412 1412 580 1496 παρεούσῃ
608 1409 817 1495 συνέχεσθαι.
862 1411 994 1497 φέρετε,
1017 1421 1078 1478 τοῦ
1101 1418 1224 1479 λοιποῦ

219 1519 263 1600 μὴ
287 1519 483 1601 πειθώμεθα
506 1517 618 1582 αύτοῦ.
663 1527 766 1582 ταῦτα
789 1517 916 1600 ἔλεξαν,
939 1517 994 1584 καὶ
1016 1520 1097 1601 μετὰ
1120 1527 1223 1584 ταῦτα

219 1623 336 1688 αὐτίκα
358 1627 537 1688 πείθεσθαι
559 1620 671 1699 οὐδεὶς
688 1624 800 1705 ἡθελε,
824 1621 894 1688 ἀλλ’
916 1615 971 1688 οἷα
989 1626 1124 1708 στρατιὴ
1144 1642 1224 1708 σκη-

217 1731 279 1806 νάς
300 1753 335 1794 τε
356 1729 535 1813 πηξάμενοι
558 1729 595 1795 έν
615 1738 655 1813 τῇ
677 1731 769 1816 κη’σφ
792 1728 1066 1814 ἐσκιητροφέοντο
1092 1729 1148 1796 καὶ
1169 1731 1223 1796 έσ·
1308 1713 1309 1720 ¹

218 1838 347 1919 βαίνειν
371 1836 432 1901 οὐκ
454 1833 630 1902 ἐθέλεσκον
654 1835 687 1912 ἐς
703 1836 762 1911 τὰς
779 1833 856 1911 νέας
874 1830 947 1900 οὐδ’
969 1835 1221 1921 ἀναπειρᾶσθαι.

167 1963 199 2012 13
218 1945 383 2027 μαθόντες
410 1938 447 2008 δὲ
473 1951 575 2008 ταῦτα
602 1945 759 2026 γινόμενα
781 1940 817 2008 ἐκ
838 1951 905 2006 τῶν
924 1938 1046 2006 Ἰώνων
1069 1943 1105 2007 οί
1125 1960 1222 2027 στρα-

217 2049 312 2133 τηχολ
343 2062 410 2116 τῶν
439 2053 593 2133 Σαμίων,
626 2047 773 2114 ἐνθαῦτα
807 2047 848 2129 δὴ
880 2041 957 2131 παρ’
987 2047 1128 2125 Αίάκεος
1160 2059 1222 2114 τοῦ

218 2161 437 2233 Συλοσῶντος
471 2160 602 2232 κείνους
637 2157 715 2231 τοὺς
751 2156 912 2238 πρότερον
949 2155 1069 2238 ἔπεμπε
1100 2157 1223 2238 λόγους

218 2261 346 2342 Αίοίκης
367 2264 570 2326 κελευόντων
587 2271 654 2325 τῶν
673 2259 841 2342 Περσέων,
864 2261 1020 2342 δεόμενός
1037 2276 1153 2344 σφεων
1171 2261 1222 2328 έκ-

217 2376 326 2429 λιπείν
352 2367 414 2447 τὴν
433 2363 555 2430 Ἰώνων
583 2367 781 2448 συμμαχίην,
807 2365 842 2430 οί
862 2366 986 2448 Σάμιοι
1009 2361 1056 2430 ὧν
1078 2366 1222 2451 ὁρωντες

218 2470 339 2536 έοῦσαν
365 2471 432 2553 ἅμα
459 2467 519 2553 μέν
546 2469 680 2553 ἀταξίην
707 2471 834 2553 πολλὴν
862 2470 898 2536 ἐκ
919 2482 986 2536 τῶν
1007 2466 1129 2538 Ἰώνων
1152 2473 1222 2540 ἐδέ-

217 2598 316 2641 κοντο
338 2578 416 2651 τοὺς
434 2578 564 2658 λόγους,
583 2576 649 2660 ἅμα
667 2572 705 2641 δὲ
723 2579 938 2660 κατεφαίνετό
957 2592 1018 2661 σφι
1036 2573 1123 2644 εἶναι
1141 2579 1222 2644 ἀδύ-

217 2706 300 2749 νατα
322 2682 362 2746 τδι
385 2680 536 2764 βασιλέος
558 2685 732 2767 πρήγματα
754 2682 1011 2765 ὑπερβαλέσθαι,
1034 2678 1072 2748 εὖ
1094 2708 1130 2750 τε
1153 2685 1221 2750 έπι-

217 2790 374 2872 στάμενοι
397 2789 441 2864 ὡς
463 2790 495 2853 εί
516 2787 570 2853 καὶ
592 2789 629 2854 τὸ
653 2789 777 2873 παρεὸν
799 2789 956 2852 ναυτικὸν
978 2788 1221 2872 ὑπερβαλοίατο

217 2898 290 2978 [τόν
307 2897 479 2979 Δαρεῖον],
499 2895 578 2960 ἀλλο
597 2912 658 2978 σφι
676 2893 834 2978 παρέσται
852 2896 1102 2978 πενταπλήσιον.
1139 2918 1221 2980 προ-
1305 2959 1306 2970 ,

216 3004 337 3086 φύσιος
367 2997 416 3066 ὧν
447 3000 693 3084 ἐπιλαβόμενοι,
726 2999 829 3066 ἐπείτε
860 2999 996 3083 τάχιστα
1022 2995 1115 3066 εἶδον
1141 3004 1222 3080 τοὺς

215 3106 334 3183 Ἴωνας
369 3106 411 3171 οὐ
447 3105 672 3191 βουλομένους
709 3101 795 3172 εἶναι
825 3107 1001 3189 χρηστούς,
1036 3105 1074 3172 έν
1110 3105 1224 3192 κέρδει·

215 3211 387 3278 ἐποιεῦντο
414 3221 624 3298 περιποιῆσαι
650 3213 690 3276 τά
716 3235 751 3278 τε
780 3212 835 3298 ίρά
861 3212 902 3274 τά
929 3210 1070 3296 σφέτερα
1096 3211 1153 3278 καὶ
1181 3213 1222 3277 τδ

216 3319 294 3383 ίδια.
340 3318 358 3384 ὁ
387 3314 424 3384 δὲ
446 3319 586 3404 Αίάκης,
614 3316 690 3402 παρ’
722 3318 797 3382 ὅτευ
824 3318 902 3392 τοὺς
924 3319 1042 3399 λόγους
1064 3317 1221 3386 ἐδέκοντο

218 3425 267 3505 [oc
291 3425 442 3508 Σύμιοι],
470 3435 547 3501 παῖς
574 3420 634 3507 μὲν
661 3419 703 3503 ἡν
731 3427 950 3499 Συλοσῶντος
978 3432 1038 3488 τοῦ
1066 3425 1220 3504 Αίάκεος,
