2640 3960
240 255 302 320 132
643 252 831 309 HERODOTI

237 398 297 480 τὴν
321 399 430 481 αἰτίην
446 397 584 480 τούτων,
607 397 689 463 ἀλλά
707 398 778 462 δείν
796 398 858 482 γάρ
876 396 1060 462 Μιλτιάδεα
1076 399 1233 459 τελευτᾶν
1313 356 1318 495 ἀ

237 503 281 587 μη
304 497 352 586 εὖ,
376 507 524 588 φανῆναί
544 504 580 570 οί
597 514 664 568 τῶν
685 514 794 568 κακῶν
816 503 1029 588 κατηγεμόνα.
1074 503 1233 586 Παρίοισι

187 625 237 674 136
246 604 306 692 μὲν
343 609 384 692 δὴ
420 617 521 674 ταῦτα
552 609 572 690 η
605 611 720 690 Πυθίη
753 611 885 693 ἔχρησε·
916 602 1088 690 Ἀθηναίω
1124 601 1161 670 δέ
1198 605 1234 670 ἐκ
1295 641 1300 644 -

238 714 356 800 Πάρου
382 716 567 781 Μιλτιάδεα
594 714 862 798 ἀπονοστήσαντα
894 715 991 798 ἔσχον
1019 711 1055 778 ἐν
1083 713 1233 794 στόμασι,

103 875 106 882 .
237 819 326 885 οἵτε
349 821 443 886 ἀλλοι
464 819 518 886 καὶ
540 820 680 905 μάλιστα
702 819 896 894 Ξάνθιππος
919 817 937 884 δ
956 815 1167 903 Ἀρίφρονος,
1197 816 1234 892 ὃς

236 926 386 991 θανάτου
408 925 587 1010 ὑπαγαγὼν
614 925 678 990 ὑπὸ
700 926 760 990 τὸν
782 925 888 1008 δῆμον
910 924 1095 990 Μιλτιάδεα
1118 922 1234 988 ἐδίωκε

236 1039 293 1114 τῆς
315 1027 502 1115 Ἀθηναίων
528 1031 651 1113 ἀπάτης
678 1031 809 1095 εἵνεκεν.
858 1029 1043 1112 Μιλτιάδης
1070 1024 1107 1095 δέ
1133 1028 1234 1105 αὐτὸς

236 1133 297 1220 μέν
323 1137 454 1223 παρεὼν
481 1137 542 1202 οὐκ
569 1134 759 1219 ἀπελογέετο
787 1129 843 1221 (ἦν
869 1136 932 1221 γάρ
959 1134 1121 1211 ἀδύνατος
1151 1135 1234 1200 ὥστε

236 1242 425 1327 σηπομένου
459 1252 520 1308 τοῦ
557 1242 698 1328 μηροῦ),
730 1238 947 1327 προκειμένου
983 1237 1020 1305 δέ
1056 1240 1160 1306 αὐτοῦ
1197 1241 1234 1306 έν

236 1349 332 1432 κλίνη
354 1346 654 1433 ὑπεραπελογέοντο
678 1347 713 1412 οί
732 1349 835 1431 φίλοι,
858 1354 915 1430 τῆς
937 1345 1040 1430 μάχης
1060 1369 1095 1411 τε
1117 1355 1175 1430 τῆς
1197 1345 1234 1411 ἐν

236 1456 428 1539 Μαραθῶνι
458 1451 638 1537 γενομένης
668 1453 773 1518 πολλά
804 1451 1057 1537 ἐπιμεμνημένοι
1087 1449 1141 1516 καὶ
1172 1453 1234 1535 τὴν

237 1559 376 1642 Λήμνου
404 1558 545 1645 αἵρεσιν,
576 1559 620 1635 ὡς
648 1556 732 1622 ἑλὼν
753 1559 892 1641 Λῆμνόν
918 1553 1034 1622 τεκαὶ
1060 1557 1235 1642 τισάμενος

236 1665 315 1739 τοὺς
341 1665 535 1747 Πελασγοὺς
561 1663 730 1750 παρέδωκε
753 1659 970 1746 Ἀθηναίοισι.
1014 1663 1234 1748 προσγενομέ-

237 1792 299 1834 νου
328 1765 365 1834 δέ
386 1778 447 1835 τοῦ
473 1770 581 1854 δήμου
608 1768 696 1857 αὐτῷ
719 1769 801 1834 κατά
822 1768 883 1850 τὴν
906 1767 1067 1832 ἀπόλυσιν
1089 1775 1150 1834 τοῦ
1170 1774 1234 1833 θα-

237 1875 354 1958 νάτου,
384 1875 603 1960 ζημιώσαντος
631 1870 667 1940 δέ
693 1872 775 1938 κατά
796 1872 857 1957 τὴν
880 1871 1011 1954 ἀδικίην
1032 1873 1233 1956 πεντήκοντα

237 1981 437 2064 ταλάντοισι,
460 1981 647 2062 Μιλτιάδης
669 1975 729 2062 μέν
752 1979 831 2063 μετά
852 1986 954 2043 ταῦτα
976 1981 1234 2062 σφακελίσαντός

237 2108 272 2150 τε
293 2095 354 2150 τοῦ
376 2095 484 2171 μηροῦ
505 2083 559 2150 καὶ
578 2083 737 2160 σαπέντος
753 2089 897 2170 τελευτᾷ,
919 2084 960 2149 τά
977 2079 1015 2148 δέ
1031 2085 1234 2167 πεντήκοντα

238 2191 379 2256 τάλαντα
402 2191 521 2269 ἐξέτισε
543 2190 560 2256 δ
583 2201 658 2266 παίς
681 2189 784 2254 αὐτοῦ
805 2192 932 2273 Κίμων.

189 2315 237 2364 137
326 2300 464 2379 Λῆμνον
488 2291 524 2360 δέ
546 2294 731 2378 Μιλτιάδης
753 2293 771 2359 δ
794 2297 948 2378 Κίμωνος
971 2287 1035 2360 ὧδε
1058 2297 1144 2380 ἔσχε·
1169 2301 1236 2362 Πε-

239 2396 356 2480 λασγοὶ
383 2399 487 2464 ἐπείτε
509 2399 544 2464 ἐκ
566 2408 623 2482 της
641 2396 784 2482 Ἀττικῆς
809 2398 874 2464 ὑπὸ
895 2394 1080 2482 Ἀθηναίων
1107 2399 1236 2488 ἐξεβλή-

239 2511 365 2587 θησαν,
396 2510 459 2569 εἴτε
487 2500 534 2569 ὧν
561 2505 602 2588 δὴ
632 2506 764 2584 δικαίως
793 2511 856 2570 είτε
882 2504 1015 2582 ἀδίκως·
1047 2515 1144 2574 τοῦτο
1170 2509 1235 2592 γάρ

241 2609 301 2675 οὐκ
320 2611 381 2694 ἔχω
404 2609 539 2694 φράσαι,
561 2611 647 2694 πλην
669 2611 709 2677 τδ
731 2613 900 2694 λεγόμενα,
924 2611 975 2676 ὅτι
988 2607 1156 2688 Ἑκαταῖος
1173 2609 1236 2696 μὲν

240 2717 257 2783 ὁ
276 2713 508 2802 Ἡγησάνδρου
531 2719 633 2802 ἔφησε
656 2716 692 2781 ἐν
714 2727 799 2781 τοῖσι
822 2717 950 2798 λόγοισι
972 2716 1077 2800 λέγων
1100 2717 1235 2795 ἀδίκως·

241 2823 344 2890 ἐπείτε
366 2825 428 2910 γάρ
453 2824 537 2888 ίδείν
559 2823 636 2900 τοὺς
655 2819 853 2905 Ἀθηναίους
873 2821 934 2905 τὴν
952 2823 1074 2908 χώρην,
1095 2825 1156 2906 τήν
1174 2841 1236 2909 σφι

240 2931 304 2996 ὑπὸ
326 2930 386 2996 τὸν
407 2925 569 3013 Ὑμησσὸν
592 2926 711 2993 ἐοῦσαν
735 2927 855 2991 ἔδοσαν
878 2928 1007 3010 οίκῆσαι
1030 2929 1153 3011 μισθὸν
1175 2940 1237 2995 τοῦ

241 3039 362 3120 τείχεος
384 3043 444 3100 τοῦ
465 3031 540 3118 περὶ
557 3033 618 3116 τὴν
636 3032 814 3116 ἀκρόπολίν
832 3054 906 3096 κοτε
924 3031 1137 3118 ἐληλαμένου,
1159 3037 1237 3100 ταύ-

241 3164 302 3222 την
330 3141 373 3216 ὡς
401 3141 485 3206 ίδείν
511 3140 589 3215 τοὺς
608 3134 805 3220 Ἀθηναίους
832 3135 1070 3223 ἐξεργασμένην
1093 3133 1145 3221 εὖ,
1174 3141 1238 3224 τὴν

242 3247 403 3328 πρότερον
426 3239 510 3310 εἶναι
538 3244 641 3325 κακήν
663 3265 697 3307 τε
724 3239 778 3307 καὶ
800 3251 859 3308 τοῦ
882 3244 1022 3327 μηδενὸς
1045 3245 1153 3328 ἀξίην,
1180 3250 1239 3311 λα-

243 3351 315 3430 βεῖν
338 3352 471 3432 φθόνον
489 3371 523 3412 τε
546 3344 600 3412 καὶ
621 3347 735 3432 ’ίμερον
757 3355 814 3430 τῆς
830 3357 900 3432 γῆς,
921 3346 976 3415 καὶ
1000 3349 1085 3416 οὕτω
1109 3348 1240 3428 ἐξελαύ-

244 3477 315 3519 νειν
343 3452 461 3529 αὐτοὺς
484 3453 641 3536 οὐδεμίαν
663 3453 766 3536 ἀλλην
787 3455 956 3538 πρόφασιν
978 3453 1241 3539 προϊσχομένους
