2678 3968
221 233 285 297 244
631 231 816 288 HERODOTI

168 389 220 440 22³
307 374 429 458 Ξέρξης
447 371 483 440 δὲ
502 373 570 441 ἐπεὶ
588 375 685 459 ἡλίου
703 375 933 450 ἀνατείλαντος
952 375 1096 451 σπονδάς
1111 373 1225 460 ἐποιή-
1322 369 1323 376 ¹

220 498 310 564 σατο,
333 481 475 566 ἐπισχὼν
497 483 620 566 χρόνον
643 481 676 558 ἐς
699 480 820 565 ἀγορῆς
841 503 902 546 κου
926 480 1064 562 μάλιστα
1086 482 1224 563 πληθώ-

220 611 283 671 ρην
304 588 471 672 πρόσοδον
494 586 650 652 ἐποιέετο·
680 584 819 672 καὶγὰρ
843 584 1017 650 ἐπέσταλτο
1040 584 1073 663 ἐξ
1093 583 1223 651 Ἐπιάλ·
1322 651 1323 660 2

219 715 281 758 τεω
302 693 401 759 οὕτω·
420 692 483 758 ἀπὸ
502 693 564 776 γάρ
583 700 643 757 τοῦ
657 693 751 776 όρεος
768 691 978 775 ηκατάβασις
991 691 1221 775 συντομωτέρη
1323 758 1324 784 ¹

219 797 255 862 τέ
272 797 339 862 ἐστι
356 795 411 862 καὶ
433 799 632 883 βραχύτερος
650 795 669 861 δ
690 806 795 880 χῶρος
813 797 936 861 πολλὸν
954 797 975 879 ἢ
993 817 1054 878 περ
1072 795 1093 879 ἡ
1111 799 1221 880 περίο-

220 904 277 980 δός
297 926 332 968 τε
354 900 408 968 καὶ
431 903 598 986 ἀνάβασις.
631 903 719 967 οἵτε
743 903 783 986 δὴ
806 902 1025 988 βάρβαροιοί
1041 899 1125 986 ἀμφὶ
1141 901 1222 987 Ξέρ-
1319 927 1324 988 ⁴,

219 1007 279 1092 ξην
310 1010 495 1094 προσήισαν
526 1005 580 1072 καὶ
608 1008 643 1072 οί
667 1004 751 1092 ἀμφὶ
778 1009 953 1090 Λεωνίδην
974 1004 1145 1090 Ἕλληνες,
1177 1008 1222 1084 ὡς

218 1114 279 1196 τὴν
302 1110 354 1178 ἐπὶ
372 1115 507 1200 θανάτῳ
529 1111 645 1190 ἔξοδον
663 1114 865 1196 ποιεύμενοι,
883 1112 947 1194 ἤδη
966 1117 1076 1200 πολλῷ
1096 1117 1222 1196 μᾶλλον

219 1217 240 1302 ἢ
262 1216 331 1282 κατ’
358 1217 459 1303 άρχδις
481 1217 653 1301 ἐπεξήισαν
677 1217 710 1294 ἐς
731 1219 768 1283 τὸ
792 1217 970 1302 εὐρύτερον
992 1227 1052 1282 τοῦ
1075 1217 1221 1303 αὐχένος.

219 1326 256 1390 τὸ
280 1321 341 1409 μὲν
362 1326 425 1409 γάρ
448 1326 552 1408 ἔρυμα
574 1332 634 1388 τοῦ
656 1326 779 1408 τείχεος
801 1321 1019 1407 ἐφυλάσσετο,
1043 1323 1078 1388 οί
1098 1320 1135 1388 δὲ
1159 1323 1223 1390 ἀνά

220 1432 277 1507 τάς
297 1429 457 1515 προτέρας
478 1428 599 1514 ἡμέρας
621 1427 807 1506 ὑπεξιόντες
825 1428 858 1504 ἐς
874 1429 915 1493 τὰ
932 1431 1128 1513 στεινόπορα
1146 1429 1222 1513 ἐμά-

220 1560 327 1620 χοντο.
359 1538 431 1600 τότε
455 1531 491 1600 δὲ
510 1537 748 1619 συμμίσγοντες
767 1533 826 1612 ἔξω
844 1544 911 1599 τῶν
929 1545 1068 1600 στεινῶν
1086 1537 1222 1602 ἔπιπτον

220 1645 344 1726 πλήθει·
359 1638 475 1706 πολλοὶ
493 1651 560 1705 τῶν
583 1641 774 1724 βαρβάρων·
797 1641 916 1704 ὄπισθε
934 1641 997 1724 γάρ
1015 1641 1051 1705 οί
1064 1638 1223 1724 ἡγεμόνες

220 1759 287 1812 τῶν
308 1746 428 1812 τελέων
450 1748 579 1830 ἔχοντες
601 1746 759 1829 μάστιγας
781 1744 954 1831 ἐρράπιζον
976 1745 1082 1810 πάντα
1104 1747 1222 1831 ἄνδρα,

221 1851 285 1918 αἰεὶ
312 1853 345 1928 ἐς
370 1853 407 1918 τὸ
435 1853 547 1936 πρόσω
577 1851 820 1932 ἐποτρύνοντες.
852 1847 968 1915 πολλοὶ
997 1846 1057 1934 μὲν
1085 1852 1126 1934 δὴ
1153 1851 1223 1918 ἐσέ·

220 1980 341 2024 πιπτον
372 1957 481 2023 αὐτῶν
513 1957 546 2034 ἐς
576 1957 637 2042 την
672 1957 846 2022 θάλασσαν
887 1954 941 2021 καὶ
978 1957 1222 2042 διεφθείροντο,
1318 1935 1326 1954 ε

221 2069 330 2152 πολλῷ
350 2058 381 2130 δ’
406 2066 454 2130 ἔτι
471 2068 609 2140 πλεῦνες
626 2061 860 2128 κατεπατέοντο
885 2059 961 2140 ζωοὶ
978 2059 1033 2127 ὑπ’
1056 2062 1222 2146 ἀλλήλων·
1326 2067 1327 2072 ’

220 2165 263 2252 ἦν
286 2167 322 2234 δὲ
344 2172 442 2252 λόγος
464 2167 574 2245 οὐδεὶς
591 2178 651 2234 τοῦ
670 2165 906 2252 ἀπολλυμένου.
935 2168 991 2234 άτε
1012 2169 1075 2254 γὰρ
1094 2169 1222 2234 ἐπιστά-

221 2297 315 2357 μενοι
345 2276 404 2340 τὸν
435 2273 596 2358 μέλλοντα
628 2277 723 2358 σφίσι
750 2277 885 2339 ἔσεσθαι
913 2274 1062 2339 θάνατον
1094 2275 1129 2341 ἐκ
1155 2288 1222 2342 τῶν

221 2380 416 2460 περιιόντων
438 2379 475 2442 τὸ
503 2380 594 2464 όρος,
625 2378 859 2444 ἀπεδείκνυντο
887 2379 997 2465 ῥώμης
1024 2380 1104 2446 ὅσον
1131 2375 1222 2466 εἶχον

221 2481 375 2567 μέγιστον
401 2482 434 2559 ἐς
459 2485 538 2560 τοὺς
568 2484 770 2568 βαρβάρους,
802 2486 1073 2570 παραχρεώμενοί
1100 2509 1136 2551 τε
1166 2485 1222 2552 καὶ

170 2587 386 2666 νεείιτέοντες.
418 2589 541 2673 δόρατα
568 2587 629 2672 μέν
655 2613 720 2653 νυν
741 2600 828 2654 τοῖσι
854 2589 969 2656 πλέοσι
995 2590 1105 2656 αὐτῶν
1132 2616 1221 2676 τηνι-

221 2704 324 2761 ταῦτα
355 2695 418 2778 ἤδη
451 2693 607 2778 ἐτύγχανε
638 2697 832 2779 κατεηγότα,
864 2695 899 2760 οί
928 2692 965 2760 δδ
996 2707 1081 2761 τοῖσι
1112 2695 1221 2781 ξίφεσι

222 2802 430 2888 διεργάζοντο
453 2801 531 2876 τοὺς
553 2798 693 2884 Πέρσας.
725 2797 780 2865 καλ
802 2802 973 2884 Λεωνίδης
993 2823 1029 2867 τε
1051 2801 1088 2867 ἐν
1113 2804 1219 2891 τούτῳ

221 2915 266 2996 τῷ
293 2909 384 2994 πόνῳ
409 2908 519 2971 ’πίπτει
547 2904 630 2990 ἀνὴρ
659 2908 836 2990 γενόμενος
858 2907 1004 2990 ἄριστος,
1033 2904 1087 2972 καὶ
1114 2907 1219 2993 ἕτεροι
1319 2931 1327 2950 ⁴

222 3010 290 3096 μετ’
316 3012 419 3077 αὐτοῦ
443 3008 620 3092 ὀνομαστοί
643 3010 891 3096 Σπαρτιητέων,
918 3022 985 3076 τῶν
1006 3010 1069 3094 ἐγὼ
1092 3012 1137 3090 ὡς
1164 3013 1219 3078 άν-

222 3119 312 3200 δρεῒιν
330 3117 429 3195 ἀξίων
447 3114 636 3199 γενομένων
655 3116 827 3201 ἐπυθόμην
845 3118 885 3181 τά
902 3117 1078 3201 οὐνόματα,
1097 3117 1218 3184 ἐπυθό-

221 3247 287 3306 μην
306 3218 343 3288 δέ
360 3219 414 3287 καὶ
433 3221 587 3286 ἁπάντων
605 3233 670 3286 τῶν
688 3225 894 3308 τριηκοσίων.
922 3219 976 3288 καὶ
999 3223 1040 3306 δη
1061 3224 1219 3309 Περσέων

220 3330 376 3392 πίπτουσι
398 3326 544 3393 ἐνθαῦτα
567 3327 661 3393 άλλοι
682 3351 717 3392 τε
739 3325 855 3392 πολλοὶ
880 3325 935 3392 καὶ
962 3327 1155 3412 ὀνομαστοί,
1181 3329 1218 3394 ἐν

222 3429 259 3497 δέ
291 3433 331 3516 δὴ
363 3429 417 3496 καὶ
448 3434 596 3515 Δαρείου
629 3433 690 3497 δύο
719 3434 846 3515 παῖδες,
875 3429 1074 3519 Ἀβροκόμης
1099 3457 1135 3500 τε
1163 3432 1218 3500 καί
