2678 3968
204 269 270 332 270
616 263 805 321 HERODOTI

203 401 349 476 πλεῖστοι
377 411 409 488 ές
440 414 600 497 Τροιζῆνα
628 408 837 491 ἀπέστειλαν,
866 409 902 474 οί
927 406 964 474 δὲ
992 409 1025 487 ἐς
1052 415 1209 494 Αἴγιναν,

204 517 240 580 οί
264 513 301 582 δὲ
329 515 362 593 ές
385 521 568 602 Σαλαμῖνα.
614 518 778 581 ἔσπευσαν
806 511 843 581 δέ
869 524 972 580 ταῦτα
999 514 1210 581 ὑπεκθέσθαι

203 630 248 710 τῷ
281 627 467 711 χρηστηρίῳ
494 647 528 688 τε
556 625 755 707 βουλόμενοι
783 621 975 707 ὑπηρετέειν
1002 620 1057 687 καί
1085 623 1125 705 δή
1153 621 1210 687 καὶ

202 730 302 794 τοῦδε
319 731 428 795 εἵνεκα
442 729 503 795 οὑκ
516 730 646 812 ήκιστα·
669 726 805 811 λέγουσι
820 725 995 812 Ἀθηναῖοι
1009 730 1090 812 όῳιν
1103 727 1210 813 μέγαν

203 834 334 916 φύλακα
346 844 404 919 τής
417 835 614 918 ἀκροπόλιος
628 832 857 898 ἐνδιαιτᾶσθαι
868 833 905 898 έν
918 842 964 922 τῳ
980 835 1050 922 ἱρῷ.
1073 834 1214 918 λέγουσι’

203 961 238 1004 τε
264 948 367 1005 ταῦτα
396 938 450 1005 καὶ
481 941 522 1022 δή
552 936 607 1002 καὶ
638 938 682 1014 ὡς
709 937 796 1004 ἐόντι
824 939 980 1024 ἐπιμήνια
1007 939 1210 1006 ἐπιτελέουσι
1327 940 1331 947 ’

202 1044 489 1128 προτιθέντες·τά
513 1039 543 1110 δ’
569 1045 723 1128 ἐπιμήνια
746 1046 940 1128 μελιτόεσσα
958 1046 1035 1111 ἐστι.
1072 1047 1154 1129 αὕτη
1174 1042 1206 1111 δ’

202 1150 225 1232 ἡ
246 1154 438 1235 μελιτόεσσα
460 1150 498 1216 έν
520 1158 565 1238 τῷ
588 1153 717 1235 πρόσθε
734 1149 799 1216 αίεί
816 1153 926 1237 χρόνῳ
946 1150 1208 1236 ἀναισιμουμένη

201 1258 274 1322 τότε
305 1253 349 1340 ήν
380 1259 558 1336 ἄψαυστος.
610 1257 800 1340 σημηνάσης
828 1253 865 1323 δέ
891 1266 994 1322 ταῦτα
1019 1265 1077 1339 τῆς
1104 1257 1210 1342 ἱρείης

202 1365 327 1447 μᾶλλόν
344 1387 376 1427 τι
396 1366 431 1428 os
443 1362 616 1447 Ἀθηναῖοι
634 1361 689 1427 καὶ
706 1365 962 1448 προθυμότερον
980 1361 1129 1440 ἐξέλιπον
1145 1363 1209 1445 τήν

201 1472 299 1535 πόλιν
327 1471 371 1546 δις
392 1469 448 1535 καί
469 1480 526 1554 τῆς
548 1477 635 1535 θεοῦ
656 1469 911 1552 ἀπολελοιπυίης
933 1469 994 1552 τήν
1017 1468 1208 1553 ἀκρόπολιν.

203 1576 247 1652 ὡς
266 1575 305 1640 δέ
321 1593 382 1660 σφι
400 1577 506 1641 πάντα
523 1574 718 1658 ὑπεξέκειτο,
738 1578 855 1642 ἔπλεον
874 1573 908 1651 ές
922 1576 960 1639 τὸ
975 1577 1208 1660 στρατόπεδον.

150 1703 184 1750 42
203 1681 273 1748 ἐπεὶ
296 1679 333 1747 δέ
356 1683 392 1746 οί
411 1677 466 1747 ἀπ’
488 1677 693 1765 Ἀρτεμισίου
715 1679 749 1756 ές
771 1685 946 1765 Σαλαμῖνα
968 1680 1128 1766 κατέσχον
1149 1684 1209 1759 τάς

202 1786 289 1870 νέας,
313 1785 470 1873 συνέρρεε
492 1785 547 1851 καὶ
570 1787 587 1852 ὑ
605 1788 720 1863 λοιπὸς
737 1789 995 1871 πυνθανόμενος
1013 1787 1032 1852 δ
1049 1798 1117 1852 τῶν
1135 1785 1208 1853 Ἑλ·

203 1896 314 1976 λήνων
332 1894 486 1970 ναυτικὸς
505 1894 642 1978 στρατός
661 1893 697 1958 έκ
715 1896 905 1978 Τροιζῆνος·
924 1892 957 1969 ές
974 1895 1038 1979 χάρ
1053 1895 1207 1977 Πώγωνα
1320 1939 1331 1964 ε

202 2001 261 2065 τὸν
288 2002 491 2085 Τροιζηνίων
513 1998 630 2083 λιμένα
652 2001 828 2084 προείρητο
852 1997 1081 2080 συλλέγεσθαι.
1126 2015 1206 2066 συν-

203 2104 388 2189 ελέχθησάν
409 2128 444 2170 τε
468 2105 509 2188 δή
532 2105 642 2192 πολλῷ
661 2109 799 2180 πλεῦνες
817 2102 890 2180 νέες
907 2103 927 2186 ή
947 2101 996 2169 ἐπ’
1015 2102 1206 2193 Ἀρτεμισίῳ

158 2259 160 2264 -
204 2210 407 2295 ἐναυμάχεον
433 2208 488 2274 καὶ
515 2210 578 2274 ἀπὸ
601 2213 727 2274 πολίων
749 2210 911 2274 πλεύνων.
956 2211 1123 2295 ναύαρχος
1145 2211 1206 2296 μέν
1328 2265 1329 2285 ,

202 2338 268 2379 νυν
295 2316 377 2399 ἐπήν
403 2315 508 2390 ὑυτὸς
537 2315 574 2391 ὅς
595 2337 655 2399 περ
684 2310 733 2379 ἐπ’
760 2313 966 2401 Ἀρτεμισίῳ,
994 2315 1207 2402 Εὐρυβιάδης

203 2419 434 2503 Εὐρυκλείδεω
461 2418 545 2503 ἀνήρ
570 2423 793 2504 Σπαρτιήτης,
822 2420 863 2486 ού
890 2419 1003 2504 μέντοι
1029 2421 1142 2505 μένεός
1167 2447 1206 2506 γε

202 2533 264 2590 τοῦ
290 2527 465 2608 βασιληίου
495 2523 567 2590 έύν.
612 2525 690 2602 νέας
716 2522 753 2590 δὲ
780 2531 891 2614 πολλῷ
919 2530 1072 2603 πλείστας
1093 2552 1128 2593 τε
1150 2527 1206 2593 καὶ
1326 2563 1327 2603 ι

151 2652 185 2699 43
204 2633 321 2717 άριστα
342 2631 506 2707 πλεούσας
527 2634 722 2715 παρείχοντο
743 2630 925 2715 Ἀθηναῖοι.
971 2633 1205 2719 ἐστρατεύοντο

205 2735 242 2804 δέ
261 2738 344 2803 οἵδε·
363 2737 399 2802 ἐκ
414 2733 474 2822 μὲν
489 2739 750 2820 Πελοποννήσου
764 2740 1021 2824 Λακεδαιμόνιοι
1035 2737 1205 2804 ἑκκαίδεκα

204 2845 281 2921 νέας
302 2846 532 2930 παρεχόμενοι,
555 2846 735 2928 Κορίνθιοι
759 2840 796 2908 δὲ
817 2843 924 2909 τώυτὸ
946 2847 1106 2929 πλήρωμα
1123 2867 1206 2930 παρ·
1324 2901 1325 2921 ,

205 2955 356 3036 εχόμενοι
381 2952 419 3015 τὸ
446 2947 501 3014 καί
523 2945 573 3015 ἐπ’
595 2947 800 3037 Ἀρτεμισίῳ·
813 2951 1012 3016 ,Σικυώνιοι
1035 2947 1072 3015 δὲ
1093 2971 1205 3017 πεντε-
1314 2941 1324 2958 ”

204 3060 339 3123 καίδεκα
362 3058 556 3148 παρείχοντο
579 3055 670 3139 νέας,
695 3053 901 3141 Ἐπιδαύριοι
925 3054 962 3122 δὲ
984 3054 1077 3138 δέκα,
1110 3061 1206 3142 Τροι-

206 3166 310 3247 ζήνιοι
331 3159 368 3228 δέ
385 3162 491 3244 πέντε,
505 3159 693 3246 Ἑρμιονέες
711 3158 748 3227 δὲ
765 3172 862 3247 τρεῖς,
882 3161 990 3238 έόντες
1009 3157 1102 3227 οὗτοι
1119 3163 1206 3246 πλήν

201 3265 402 3353 Ἑρμιονέων
420 3270 576 3352 Δωρικόν
597 3290 633 3332 τε
654 3265 709 3332 καὶ
731 3268 913 3333 Μακεδνὸν
935 3271 1046 3350 ἔθνος,
1069 3266 1103 3346 ἐξ
1122 3267 1206 3353 Ἐρι-

205 3383 286 3439 νεοῦ
307 3396 342 3438 τε
363 3371 418 3437 καὶ
438 3373 569 3438 Πίνδου
591 3371 647 3438 καί
668 3383 725 3457 τῆςΙ
746 3375 939 3458 Δρυοπίδος
960 3374 1083 3439 ὑστατα
1105 3374 1206 3460 ὑρμη-
1321 3393 1322 3401 ’

205 3478 331 3555 θέντες.
366 3479 402 3543 οί
423 3474 459 3542 δὲ
478 3474 664 3564 Ἑρμιονέες
681 3477 744 3544 είσὶ
762 3479 926 3564 Δρύοπες,
950 3479 1014 3545 ὑπὸ
1028 3476 1207 3562 Ἡρακλέος
1320 3539 1321 3559 ,
