2572 3980
205 273 249 335 26
619 265 809 322 ιιεεοοοτι

206 411 243 480 δέ
270 413 379 497 λέγειν
406 435 464 498 μιν
489 409 616 477 έκέλευε
638 411 679 475 τδι
700 409 855 492 βούλεται
876 405 960 492 μηδὲ
983 408 1128 492 ἐπισχεῖν
1151 416 1214 474 τοῦ

205 520 343 586 παιδίου
365 518 483 584 εἵνεκα.
520 515 667 582 ἐνθαῦτα
690 516 731 598 δή
750 513 768 580 6
787 508 1021 599 Ἀρισταγόρης
1038 515 1157 598 άρχετο
1176 513 1214 579 έκ

207 622 286 690 δέκα
316 624 486 690 ταλάντων
514 622 786 706 ὑπισχνεόμενος,
818 621 861 703 ήν
889 621 925 686 οί
949 618 1117 705 ἐπιτελέσῃ
1144 631 1213 684 τῶν

205 729 323 796 έδέετο.
374 729 594 804 ἀνανεύοντος
629 723 667 792 δέ
702 735 763 792 τοῦ
794 724 998 810 Κλεομένεος
1033 724 1213 810 προέβαινε

205 845 292 901 τοῖσι
314 837 456 920 χρήμασι
473 833 689 918 ὑπερβάλλων
707 831 725 897 6
745 829 987 917 Ἀρισταγόρης,
1006 831 1039 908 ές
1057 831 1076 898 δ
1094 835 1212 916 πεντή-

205 942 306 1006 κοντά
334 964 369 1005 τε
397 940 539 1005 τάλαντα
568 936 764 1003 ὑπεδέδεκτο
793 935 849 1002 καὶ
876 938 913 1002 τὸ
942 937 1077 1002 παιδίον
1108 939 1212 1020 ηὐδά-

206 1045 297 1125 ξατο·
321 1047 446 1131 Πάτερ,
475 1043 668 1127 διαφθερέει
691 1059 728 1108 σε
751 1042 769 1108 6
793 1042 913 1126 ξεῖνος,
936 1042 978 1127 ήν
1000 1043 1044 1128 μή
1067 1043 1212 1120 ἀποστὰς

207 1157 267 1237 ίης.
312 1153 387 1218 ὅτε
411 1153 453 1235 δή
476 1149 665 1234 Κλεομένης
686 1145 804 1232 ήσδεὶς
826 1157 886 1214 τοῦ
908 1149 1045 1214 παιδίου
1066 1157 1106 1234 τῇ
1129 1172 1212 1234 παρ·
1279 1191 1280 1202 1

207 1255 313 1322 αινέσι
340 1257 391 1340 ήιε
417 1256 451 1333 ές
477 1255 591 1337 ἕτερον
618 1260 738 1338 οίκημα
765 1253 820 1319 καί
847 1254 866 1320 6
890 1252 1124 1341 Ἀρισταγόρης
1152 1255 1211 1321 άπ-

205 1364 385 1428 αλλάσσετο
411 1363 449 1426 τὸ
476 1361 631 1446 παράπαν
658 1360 695 1426 έκ
721 1368 779 1444 τῆς
801 1360 972 1444 Σπάρτης,
999 1359 1081 1426 οὐδέ
1101 1361 1138 1426 οί
1163 1361 1212 1440 ἐξ·

206 1465 335 1551 εγένετο
365 1465 417 1534 ἐπὶ
443 1466 544 1532 πλέον
570 1469 618 1532 ἔτι
645 1475 790 1550 σημῆναι
815 1464 890 1551 περὶ
917 1475 974 1551 τῆς
1000 1466 1127 1532 ἀνόδου
1153 1477 1212 1552 τῆς

205 1575 292 1658 παρά
315 1572 459 1656 βασιλέα.

153 1696 187 1748 σε
284 1678 374 1764 Ἔχει
400 1680 464 1763 γδιρ
492 1675 575 1762 ἀμφὶ
602 1686 641 1763 πή
670 1677 737 1766 6693
764 1678 866 1762 ταότη
896 1671 975 1744 ὧδε·
1007 1682 1157 1762 σταθμοί
1176 1703 1211 1745 τε

205 1793 352 1870 πανταχῇ
375 1786 439 1849 είσι
461 1787 628 1869 βασιλήιοι
649 1781 705 1849 καὶ
727 1784 919 1860 καταλύσιες
941 1783 1125 1866 κάλλισται,
1155 1787 1211 1850 διά

206 1888 397 1976 οἰκεομένης
422 1913 457 1956 τε
484 1889 504 1974 ή
532 1890 611 1966 ὁδὸς
637 1890 746 1954 άπασα
775 1887 829 1954 καὶ
852 1888 1025 1971 άσφαλέος.
1070 1891 1126 1954 διά
1148 1891 1210 1976 μέν

204 2020 242 2080 γε
261 1997 389 2080 Λυδίης
410 1993 465 2061 καί
486 1999 634 2081 Φρυγίης
657 1992 801 2079 σταθμοὶ
823 1997 987 2072 τείνοντες
1007 1999 1114 2061 είκοσί
1134 1999 1209 2079 είσι,

205 2103 413 2188 παρασάγγαι
446 2098 483 2167 δέ
513 2100 664 2186 τέσσερες
695 2098 750 2164 καὶ
782 2101 978 2184 ἐνενήκοντα
1011 2099 1065 2166 καὶ
1096 2103 1208 2186 ἥμισυ.

206 2208 369 2274 έκδέκεται
393 2204 430 2272 δὲ
452 2207 488 2273 έκ
509 2216 567 2291 τής
592 2209 740 2290 Φρυγίης
762 2204 896 2283 ὁἈλυς
917 2210 1078 2292 ποταμός,
1105 2203 1157 2273 ἐπ’
1182 2201 1208 2296 ᾧ

204 2314 306 2378 πάλαι
327 2336 362 2377 τε
386 2316 499 2394 ἔπεισι,
523 2313 580 2388 τάς
598 2311 781 2388 διεξελάσαι
799 2321 887 2376 πᾶσα
905 2312 1030 2396 ἀνάγκη
1047 2311 1102 2378 καὶ
1121 2315 1208 2380 οὕτω

207 2420 382 2502 διεκπεραν
413 2418 473 2482 τὸν
503 2418 667 2500 ποταμόν,
699 2415 754 2482 καὶ
786 2420 1012 2503 φυλακτήριον
1043 2417 1127 2503 μέγα
1155 2421 1205 2487 ἐπ’
1278 2475 1279 2506 ÷

205 2523 303 2611 αὐτῷ.
349 2522 500 2604 διαβάντι
532 2517 570 2586 δέ
601 2521 634 2598 ές
664 2523 726 2606 τήν
752 2525 992 2607 Καππαδοκίην
1020 2523 1075 2590 καὶ
1105 2529 1208 2613 ταύτῃ
1278 2513 1279 2606 6

204 2625 416 2714 πορευομένῳ
440 2625 533 2710 μέχρι
557 2627 668 2713 οὔρων
690 2639 757 2694 τῶν
775 2632 936 2695 Κιλικίων
954 2628 1098 2716 σταθμοὶ
1116 2633 1209 2698 δυῶν

206 2733 336 2810 δέοντές
365 2733 429 2797 είσι
455 2735 646 2818 τριήκοντα,
678 2735 886 2820 παρασάγγαι
914 2732 951 2801 δὲ
976 2735 1127 2820 τέσσερες
1153 2738 1208 2804 καὶ

206 2839 336 2907 ἑκατόν·
369 2835 420 2904 έπὶ
449 2835 485 2903 δέ
512 2849 598 2904 τοῖσι
625 2841 753 2906 τούτων
781 2841 911 2926 οὔροισι
934 2841 1024 2921 διξάς
1046 2867 1080 2910 τε
1102 2846 1209 2924 πύλας

206 2943 351 3030 διεξελᾷς
372 2941 427 3009 καὶ
451 2943 524 3022 διξὰ
546 2949 753 3032 φυλακτήρια
775 2951 1004 3032 παραμείψεαι.
1045 2960 1148 3016 ταῦτα
1171 2950 1209 3018 δὲ

205 3048 427 3127 διεξελάσαντι
463 3048 518 3114 καὶ
555 3052 609 3116 διὰ
639 3061 696 3136 τῆς
728 3055 879 3136 Κιλικίης
910 3053 992 3120 ὁδὸν
1022 3054 1208 3147 ποιευμένῳ

204 3165 292 3241 τρεῖς
318 3157 381 3220 είσι
409 3159 569 3240 σταθμοί,
596 3157 804 3241 παρασάγγαι
832 3155 869 3224 δέ
895 3163 1125 3227 πεντεκαίδεκα
1152 3163 1208 3229 καὶ

204 3262 315 3344 ήμισυ.
361 3255 459 3344 οὖρος
482 3259 519 3326 δέ
542 3265 693 3346 Κιλικίης
714 3261 769 3327 καὶ
791 3272 849 3347 τῆς
867 3258 1037 3350 Ἀρμενίης
1059 3266 1128 3334 ἐστὶ
1148 3291 1209 3336 πο·

204 3367 305 3450 ταμδς
326 3366 579 3451 νηυσιπέρητος,
607 3375 652 3455 τῷ
676 3367 805 3452 οὔνομα
826 3371 1013 3455 Εὐφρήτης.
1048 3372 1086 3438 έν
1108 3369 1147 3440 δέ
1168 3384 1209 3460 τῇ

202 3470 356 3558 Ἀρμενίη
384 3469 527 3556 σταθμοί
550 3470 611 3556 μέν
639 3474 703 3537 είσι
725 3476 942 3559 καταγωγέων
964 3482 1209 3558 πεντεκαίδεκα,
