2678 3968
212 301 279 368 300
626 299 814 356 Ηεοοοουι

213 445 340 524 οἰκέτας
358 445 448 532 οἰκέη
467 445 587 531 ἐκείνη,
611 445 694 510 ώστε
711 443 958 529 ὑποδεξάμενον
976 446 1121 530 ἄσμενον
1138 449 1225 524 τοὺς

212 555 334 634 λόγους
359 553 419 616 τὸν
441 552 636 617 Πανιώνιον
658 553 792 635 κομίσαι
813 553 854 616 τὰ
877 550 974 616 τέκνα
997 549 1051 616 καὶ
1074 553 1135 634 τὴν
1160 577 1224 635 γυ-

212 668 319 722 ναῖκα.
365 657 410 734 ὡς
439 653 476 721 δὲ
503 658 567 741 ἄρα
594 659 748 742 πανοικίῃ
775 680 833 741 μιν
860 656 1047 742 περιέλαβε,
1080 660 1171 740 ἔλεγε
1200 657 1221 723 ὁ

208 759 402 849 Ἑρμότιμος
423 763 515 828 τάδε·
537 753 576 826 Ὦ
597 761 731 826 πάντων
754 761 888 846 ἀνδρῶν
909 764 974 846 ῆδη
997 762 1136 847 μάλιστα
1159 761 1217 828 ἀπ’

213 872 321 955 ἔργων
349 869 581 935 ἀνοσιωτάτων
609 870 669 934 τὸν
700 871 776 950 βίον
803 867 998 952 κτησάμενε,
1029 873 1065 932 τί
1088 885 1126 934 σε
1153 869 1221 953 ἐγὼ
1320 925 1322 936 ,

211 977 314 1040 κακὸν
336 975 357 1059 ῆ
381 974 518 1059 αὐτὸςῆ
540 985 608 1039 τῶν
631 974 719 1058 ἐμῶν
741 997 791 1051 τις
812 973 984 1060 ἐργάσατο,
1007 971 1085 1058 ῆσὲ
1106 975 1127 1059 ῆ
1149 987 1220 1041 τῶν

213 1093 282 1148 σῶν
299 1105 385 1164 τινα,
404 1083 455 1148 ὅτι
473 1105 513 1166 με
531 1078 601 1146 ἀντ’
623 1080 746 1163 ἀνδρὸς
763 1079 920 1164 ἐποίησας
936 1081 974 1146 τὸ
993 1076 1097 1164 μηδὲν
1116 1075 1219 1162 εἶναι;

213 1187 342 1265 ἐδόκεές
359 1211 394 1252 τε
411 1190 515 1264 θεοὺς
533 1188 647 1270 λήσειν
666 1179 720 1251 οἷα
739 1186 889 1271 ἐμηχανῶ
907 1189 993 1251 τότε·
1017 1187 1054 1251 οἵ
1069 1204 1106 1252 σε
1123 1192 1221 1273 ποιῆ-

212 1311 317 1359 σαντα
343 1293 476 1377 ἀνόσια,
503 1295 595 1381 νόμω
624 1293 740 1379 δικαίην
763 1293 960 1378 χρεώμενοι,
988 1292 1161 1378 ὑπήγαγον
1183 1296 1222 1374 ἐς

212 1412 323 1486 χεῖρας
344 1401 402 1476 τὰς
424 1399 512 1483 ἐμάς,
536 1399 619 1463 ὥστε
637 1414 675 1463 σε
697 1399 742 1482 μη
765 1397 954 1483 μέμψεσθαι
975 1399 1037 1482 τὴν
1060 1396 1115 1464 ἀπ’
1141 1401 1220 1486 ἐμέο

211 1531 265 1572 τοι
287 1507 448 1591 ἐσομένην
472 1507 577 1588 δίκην.
614 1505 659 1582 ώς
681 1504 721 1570 δέ
737 1506 772 1570 οί
791 1515 894 1571 ταῦτα
913 1505 1075 1590 ώνείδισε,
1098 1507 1221 1592 άχδέν-

211 1637 280 1678 των
310 1624 378 1677 τῶν
409 1614 539 1677 παίδων
575 1611 609 1688 ἐς
640 1613 719 1689 δύιν
750 1612 948 1696 ἠναγκάζετο
980 1612 998 1680 ὁ
1028 1614 1222 1692 Πανιώνιος

212 1731 279 1784 τῶν
302 1717 428 1784 ἑωυτοῦ
450 1719 591 1799 παίδων,
613 1715 778 1801 τεσσέρων
796 1717 932 1801 ἐόντων,
950 1721 992 1784 τά
1009 1721 1120 1786 αίδοῐα
1138 1719 1220 1785 άπο-

211 1825 363 1909 τάμνειν,
396 1824 658 1907 ἀναγκαζόμενος
690 1819 728 1888 δέ
758 1822 865 1889 ἐποίεε
896 1833 1013 1889 ταῦτα·
1044 1826 1148 1891 αύτοῦ
1170 1850 1220 1912 τε,

213 1932 258 2008 ώς
292 1939 395 1995 ταῦτα
432 1929 609 2016 ἐργάσατο,
647 1929 683 1994 οί
714 1930 829 2005 παῖδες
865 1929 1123 2014 ἀναγκαζόμενοι
1159 1931 1219 1997 ἀπ·

213 2036 364 2122 έταμνον.
411 2035 605 2101 Πανιώνιον
634 2033 695 2118 μέν
726 2058 791 2100 νυν
823 2035 909 2101 οὕτω
942 2041 1101 2122 περιῆλθε
1130 2038 1151 2121 ῆ
1181 2061 1221 2104 τε

213 2146 297 2219 τίσις
318 2141 373 2207 καὶ
392 2139 594 2226 Ἑρμότιμος.
1060 2199 1062 2204 .

161 2272 212 2320 107
301 2245 474 2318 ΞΕΡΞΗΣ
494 2244 531 2312 δὲ
553 2248 598 2324 ὡς
619 2249 698 2324 τοὺς
720 2248 840 2324 παῖδας
862 2246 1018 2335 ἐπέτρεψε
1033 2247 1219 2336 Ἀρτεμισίη

213 2353 351 2436 ἀπάγειν
379 2353 412 2430 ἐς
430 2353 590 2437 Ἔφεσον,
619 2353 758 2430 καλέσας
780 2355 981 2439 Μαρδόνιον
1008 2354 1139 2421 ἐκέλευέ
1159 2381 1220 2441 μιν

212 2468 270 2542 τῆς
288 2468 441 2543 στρατιῆς
459 2459 624 2543 διαλέγειν
641 2462 719 2536 τοὺς
738 2461 903 2544 βούλεται,
921 2459 975 2525 καὶ
993 2460 1117 2527 ποιέειν
1131 2475 1220 2528 τοῖσι

213 2568 341 2649 λόγοισι
367 2567 407 2630 τά
434 2568 515 2650 ἔργα
541 2567 747 2652 πειρώμενον
774 2567 881 2650 ὅμοια.
926 2568 1050 2651 ταύτην
1072 2565 1133 2652 μέν
1156 2569 1220 2652 τὴν

212 2671 338 2757 ἡμέρην
362 2671 395 2748 ἐς
416 2681 556 2738 τοσοῦτο
575 2671 712 2755 ἐγίνετο,
733 2680 792 2754 τῆς
810 2668 847 2737 δέ
865 2675 984 2750 νυκτὸς
1001 2675 1221 2752 κελεύσαντος

213 2777 366 2862 βασιλέος
382 2780 440 2855 τάς
457 2777 533 2855 νέας
552 2778 587 2842 οί
598 2775 774 2865 στρατηγοί
790 2778 825 2844 ἐκ
842 2788 903 2844 τοῦ
919 2781 1076 2866 Φαλήρου
1090 2781 1220 2865 ἀπῆγον

213 2885 318 2950 ὀπίσω
346 2884 379 2962 ἐς
405 2887 464 2950 τὸν
482 2882 741 2968 Ἑλλήσποντον,
770 2886 815 2961 ὡς
841 2887 956 2969 τάχεος
983 2882 1048 2970 εἶχε
1072 2886 1220 2970 ἕκαστος,
1317 2935 1318 2970 3

214 2991 481 3077 διαφυλαξούσας
507 2991 565 3066 τάς
587 2991 718 3074 σχεδίας
740 2997 949 3075 πορευθῆναι
971 2990 1107 3074 βασιλέι.
1148 2992 1220 3058 ἐπεὶ
1317 2973 1318 3042 λ

213 3094 251 3162 δὲ
273 3097 378 3181 ἀγχοῦ
399 3092 485 3179 ἦσαν
508 3100 684 3180 Ζωστῆρος
705 3095 860 3173 πλέοντες
883 3097 918 3161 οί
938 3098 1115 3183 βάρβαροι,
1138 3097 1221 3163 άνα-

212 3207 360 3269 τείνουσι
381 3203 445 3287 γάρ
469 3203 566 3287 άκραι
583 3200 697 3266 λεπταί
714 3211 773 3287 τῆς
790 3203 930 3288 ἠπείρου
949 3203 1079 3286 ταύτης,
1099 3204 1221 3283 ἔδοξάν

213 3330 248 3370 τε
271 3306 348 3382 νέας
370 3302 456 3371 εἶναι
479 3306 533 3372 καὶ
556 3310 701 3392 ἔφευγον
724 3307 778 3373 ἐπὶ
799 3311 933 3374 πολλόν.
969 3313 1079 3396 χρόνῳ
1098 3307 1135 3375 δὲ
1158 3335 1222 3395 μοι,-
1315 3349 1316 3354 1

213 3412 334 3485 θέντες
356 3411 406 3474 ὅτι
430 3411 471 3474 ού
493 3411 565 3487 νέες
588 3408 654 3476 εἶεν
673 3411 745 3477 ἀλλ’
767 3414 876 3498 άκραι,
895 3415 1131 3498 συλλεχθέντες
1149 3415 1221 3482 ἐκο-

162 3532 212 3580 108
223 3517 363 3598 μίζοντο.
410 3514 454 3589 ὡς
481 3512 518 3578 δὲ
544 3515 647 3599 ἡμέρη
677 3516 818 3601 ἐγίνετο,
847 3518 987 3604 ὁρῶντες
1010 3521 1045 3584 οί
1061 3519 1223 3606 Ἕλληνες
1315 3553 1316 3578 ι
