2678 3968
196 271 262 336 296
611 265 798 322 ΗΕΒΟΒΟΤΙ

197 436 259 499 περ
278 411 415 496 Ἕλλησι
444 411 465 495 ή
492 412 753 497 λαμπαδηφορίη
780 411 842 494 τήν
868 419 914 498 τῷ
938 407 1107 499 Ἡφαίστῳ
1135 411 1202 477 έπι-

197 517 356 584 τελέουσι.
390 525 489 582 τοῦτο
507 518 545 582 τὸ
562 517 716 602 δράμημα
733 527 801 581 τῶν
819 515 929 582 ἵππων
946 516 1103 583 καλέουσι
1116 517 1201 601 Πέρ-

144 641 180 692 εο
198 641 256 689 σαι
287 623 478 710 ἀγγαρήιον.
522 621 543 705 ή
571 619 632 707 μέν
660 623 701 706 δή
729 622 842 705 πρώτη
870 621 904 698 ές
926 626 1042 688 Σοῦσα
1069 622 1202 706 ἀγγελίη

197 728 395 814 ἀπικομένη,
422 729 468 805 ώς
490 731 559 812 ἔχοι
578 724 722 810 Ἀθήνας
743 726 882 815 Ξέρξης,
910 730 1025 813 ἔτερψε
1052 728 1137 794 οὕτω
1159 729 1202 811 δή

196 858 228 900 τι
246 834 407 921 Περσέων
425 836 503 910 τοὺς
521 831 786 917 ὑπολειφθέντας
808 834 853 910 ώς
874 833 932 910 τάς
949 857 984 899 τε
1002 833 1105 911 ὁδοὺς
1121 857 1203 919 μνρ-
1313 895 1316 910 ,

198 943 275 1026 σίυη
308 941 415 1018 πάσας
446 939 624 1023 ἐστόρεσαν
656 936 711 1003 καὶ
743 937 893 1024 ἐθυμίων
926 942 1118 1024 θυμιήματα
1147 937 1203 1004 καὶ

198 1043 294 1111 αὐτοὶ
320 1041 407 1129 ήσαν
430 1044 466 1111 ἐν
488 1047 633 1130 θυσίησί
651 1068 687 1109 τε
709 1041 764 1109 καὶ
787 1044 996 1130 εὐπαθείῃσι·
1025 1045 1046 1129 ή
1070 1042 1106 1112 δέ
1130 1047 1203 1111 δευ-
1315 1065 1316 1142 ρ

197 1151 276 1238 τέρη
313 1167 374 1235 σφι
410 1150 544 1235 ἀγγελίη
578 1149 803 1216 ἐπεσελθοῦσα
836 1149 970 1235 συνέχεε
1002 1151 1088 1216 οὕτω
1120 1152 1203 1216 ώστε
1315 1143 1316 1154 ’

197 1259 278 1334 τοὺς
295 1263 444 1334 κιθῶνας
465 1254 706 1343 κατερρήξαντο
724 1256 854 1340 πάντες,
872 1259 936 1341 βοή
952 1279 988 1321 τε
1005 1253 1060 1322 καὶ
1078 1258 1203 1342 οἰμωγή

198 1361 361 1446 ἐχρέωντο
384 1361 525 1451 ἀπλέτφ,
548 1362 749 1446 Μαρδόνιον
772 1361 809 1427 έν
832 1363 920 1448 αἰτίη
942 1360 1098 1439 τιθέντες.
1142 1363 1205 1427 οὐκ

199 1469 287 1534 οὕτω
316 1465 353 1534 δὲ
379 1466 455 1554 περὶ
481 1480 549 1534 τών
576 1479 663 1533 νεών
690 1467 874 1552 ἀχθόμενοι
894 1477 997 1533 ταῦτα
1020 1469 1055 1533 οί
1076 1467 1202 1553 Πέρσαι

200 1574 334 1640 ἐποίευν
357 1575 402 1651 ὡς
423 1572 498 1659 περὶ
521 1573 609 1661 αὐτῷ
633 1571 738 1659 Ξέρξη
762 1573 995 1657 δειμαίνοντες.

146 1697 200 1746 1⁰0
289 1675 355 1744 Καὶ
377 1675 453 1764 περὶ
471 1676 604 1764 Πέρσας
626 1675 687 1763 μὲν
705 1673 748 1760 ήν
765 1686 867 1743 ταῦτα
883 1679 944 1744 τὸν
961 1678 1068 1745 πάντα
1085 1677 1205 1764 μεταξὺ

198 1787 323 1870 χρόνον
341 1786 533 1870 γενόμενον,
552 1782 647 1869 μέχρι
665 1777 706 1848 οὗ
720 1781 843 1869 Ξέρξης
859 1783 958 1860 αὐτός
972 1800 1076 1868 σφεας
1093 1785 1204 1850 ἀπικό

198 1913 299 1976 μενος
321 1892 450 1955 ἔπαυσε.
486 1889 683 1974 Μαρδόνιος
706 1884 744 1954 δέ
766 1886 873 1972 ὁρέων
896 1885 957 1973 μέν
975 1889 1101 1976 Ξέρξην
1124 1906 1204 1974 συμ-
1314 1911 1316 1950 J

198 1997 311 2082 φορήν
342 1995 487 2080 μεγάλην
520 1994 555 2060 ἐκ
583 2003 641 2078 τῆς
667 1997 851 2079 ναυμαχίης
877 1995 1093 2079 ποιεύμενον,
1124 1995 1204 2061 ὑπο-

199 2102 330 2167 πτεύων
351 2099 389 2166 δέ
407 2100 510 2166 αὐτὸν
529 2101 678 2185 δρησμὸν
697 2100 871 2184 βουλεύειν
890 2099 1009 2165 ἐκτῶν
1024 2098 1204 2184 Ἀθηνέων,

121 2289 124 2298 ⁸
200 2210 384 2292 φροντίσας
413 2207 497 2291 πρὸς
528 2203 653 2271 ἑωυτὸν
681 2206 725 2282 ὡς
757 2206 857 2270 δώσει
889 2207 985 2288 δίκην
1012 2205 1206 2290 ἀναγνώσας

121 2389 123 2394 Ι
201 2309 339 2395 βασιλέα
362 2313 602 2396 στρατεύεσθαι
626 2309 679 2377 έπλ
696 2308 923 2394 τὴνἙλλάδα,
941 2315 999 2377 καί
1014 2313 1050 2377 οί
1064 2311 1206 2396 κρέσσον

201 2422 252 2499 εἴη
283 2415 562 2482 ἀνακινδυνεῦσαι
589 2416 609 2500 ή
636 2417 903 2502 κατεργάσασθαι
933 2418 994 2500 τήν
1017 2413 1158 2482 Ἑλλάδα
1184 2417 1206 2501 ἢ

120 2509 123 2590 s
202 2522 306 2588 αὐτὸν
324 2526 431 2598 καλῶς
448 2526 639 2606 τελευτῆσαι
656 2523 716 2587 τὸν
734 2525 811 2605 βίον
824 2518 907 2607 ὑπὲρ
921 2523 1071 2607 μεγάλων
1085 2525 1206 2608 αἰωρη-

200 2627 320 2696 θέντα·
342 2625 443 2692 πλέον
467 2626 579 2711 μέντοι
598 2626 698 2713 ἔφερέ
714 2629 750 2693 οί
769 2627 789 2710 ή
807 2628 922 2713 γνώμη
940 2627 1206 2714 κατεργάσασθαι

200 2736 264 2819 τήν
289 2730 443 2799 Ἑλλάδα·
473 2733 689 2818 λογισάμενος
720 2729 767 2798 ών
798 2741 901 2798 ταῦτα
931 2732 1116 2818 προσέφερε
1146 2735 1209 2798 τὸν

202 2843 305 2925 λόγον
336 2840 448 2906 τόνδε·
480 2837 649 2921 Δέσποτα,
682 2841 761 2923 μήτε
793 2836 895 2904 λυπέο
922 2841 1002 2924 μήτε
1029 2840 1210 2924 συμφορήν
1313 2909 1314 2912 χ

121 3002 123 3008 .
203 2948 369 3032 μηδεμίαν
397 2944 543 3029 μεγάλην
570 2953 666 3009 ποιεῦ
693 2943 791 3008 τοῦδε
817 2952 878 3008 τοῦ
900 2946 1076 3027 γεγονότος
1098 2945 1209 3010 εἵνεκα

121 3111 124 3118 .
202 3055 401 3136 πρήγματος.
438 3049 479 3115 οὐ
501 3051 565 3133 γάρ
589 3047 697 3127 ξύλων
720 3048 810 3132 ἀγὼν
829 3049 847 3114 ὁ
866 3051 903 3114 τὸ
921 3059 988 3114 πᾶν
1006 3050 1120 3136 φέρων
1138 3049 1210 3116 έστλ
1313 3069 1314 3092 ι

203 3159 298 3242 ήμῐυ,
331 3152 402 3222 ἀλλ’
433 3154 566 3240 ἀνδρῶν
592 3177 628 3220 τε
657 3152 712 3219 καὶ
743 3154 861 3220 ἵππων.
906 3153 960 3220 σοὶ
992 3153 1029 3222 δέ
1056 3157 1132 3221 οὔτε
1157 3180 1212 3234 τις
1313 3225 1314 3236 χ

202 3263 332 3326 τούτων
358 3272 426 3326 τῶν
452 3263 489 3326 τὸ
517 3270 583 3326 πᾶν
606 3277 667 3345 σφι
689 3262 752 3345 ήδη
777 3262 962 3326 δοκεόντων
983 3263 1211 3346 κατεργάσθαι

204 3367 331 3451 ἀποβὰς
353 3365 416 3431 ἀπὸ
439 3377 506 3431 τῶν
529 3377 615 3431 νεών
637 3369 825 3452 πειρήσεται
848 3366 1053 3450 ἀντιωθῆναι
1076 3364 1146 3433 οὔτ’
1172 3367 1212 3434 ἐκ

203 3481 261 3554 τῆς
288 3471 426 3556 ήπείρου
455 3472 566 3555 τῆσδε·
597 3472 632 3536 οἳ
655 3495 690 3537 τε
719 3472 798 3556 ήμϊν
825 3472 1054 3557 ἠντιώθησαν,
1086 3474 1212 3538 ἔδοσαν
