2678 3970
385 267 452 324 ΜΒ.
467 268 527 322 νει.
565 267 642 324 οΑΡ.
663 275 818 324 115-120.
1042 274 1106 337 191

96 414 228 476 πολλοῦ
250 410 466 495 ποιευμένων.
502 421 599 476 τοῦτο
624 411 696 496 μέν,
719 413 764 490 ὡς
786 413 952 481 ἐπύθοντο
971 417 1109 501 τάχιστα

97 525 170 580 τῶν
196 517 350 601 κηρύκων
372 528 439 583 τῶν
460 521 781 603 περιαγγελλόντων,
810 521 989 606 δασάμενοι
1012 534 1108 588 σῖτον

98 620 139 685 έν
161 629 236 706 τῇσι
253 626 365 689 πόλισι
388 625 423 688 οί
438 621 532 690 ἀστοὶ
550 624 673 708 ἀλευρά
694 648 729 689 τε
750 623 805 690 καὶ
827 627 949 711 ἄλφιτα
972 627 1107 692 ἐποίευν

99 727 220 804 πάντες
243 726 295 793 ἐπὶ
317 737 425 813 μῆνας
447 730 610 814 συχνούς·
631 738 730 794 τοῦτο
753 727 790 795 δέ
813 733 933 813 κτήνεα
956 731 1107 798 ἐσίτευον

100 832 346 916 ἐξευρίσκοντες
369 843 466 920 τιμῆς
485 837 526 900 τά
547 835 717 918 κάλλιστα,
745 838 886 920 ἔτρεφόν
907 859 942 901 τε
966 838 1108 920 ὄρνιθας

99 941 276 1024 χερσαίους
302 939 356 1005 καὶ
379 943 552 1025 λιμναίους
574 943 611 1006 ἔν
632 964 667 1006 τε
691 943 845 1025 οίκημασι
866 940 921 1007 καὶ
944 921 1126 1024 λάκκοισι,Ι

100 1043 135 1120 ές
165 1042 332 1129 ὑποδοχάς
362 1054 423 1111 τοῦ
454 1055 610 1130 στρατοῦ·
640 1056 740 1112 τοῦτο
770 1043 808 1111 δέ
838 1048 961 1132 χρύσεά
988 1069 1023 1112 τε
1050 1045 1106 1113 καί

101 1149 247 1236 ἀργύρεα
273 1151 414 1235 ποτήριά
431 1174 466 1215 τε
488 1149 544 1216 καὶ
560 1161 724 1237 κρητῆρας
742 1152 912 1218 ἐποιεῦντο
931 1150 985 1217 καὶ
1002 1147 1106 1218 τᾶλλα

101 1257 164 1322 ὅσα
191 1254 244 1322 ἐπὶ
270 1257 430 1342 τράπεζαν
457 1256 607 1322 τιθέαται
636 1259 752 1324 πάντα.
796 1267 899 1323 ταῦτα
926 1255 988 1341 μὲν
1015 1258 1107 1345 αὐτῷ

100 1385 135 1426 τε
153 1361 285 1445 βασιλέι·
298 1360 355 1428 καὶ
371 1373 457 1428 τοῖσι
476 1362 660 1448 ὁμοσίτοισι
677 1361 746 1448 μετ’
768 1364 898 1430 ἐκείνου
919 1364 1106 1447 ἐπεποίητο,

100 1475 140 1552 τῇ
163 1464 201 1535 δὲ
223 1469 305 1554 άλλη
334 1477 468 1554 στρατιῇ
493 1470 534 1534 τά
556 1470 590 1546 ές
612 1471 744 1556 φορβὴν
772 1479 881 1556 μοῦνα
907 1473 1105 1554 τασσόμενα.

102 1575 186 1650 ὅκως
209 1571 246 1640 δὲ
268 1574 417 1640 ἀπίκοιτο
440 1575 461 1658 ἡ
480 1578 626 1660 στρατιή,
645 1578 749 1660 σκηνὴ
768 1574 829 1661 μέν
847 1578 921 1642 ἔσκε
939 1585 1105 1658 πεπηγυῖα

101 1678 213 1765 ἑτοίμη
237 1679 270 1756 ές
292 1681 353 1764 τὴν
376 1680 475 1757 αὐτὸς
493 1683 644 1766 σταθμὸν
661 1681 847 1747 ποιεέσκετο
866 1680 998 1765 Ξέρξης,
1021 1681 1042 1763 ἡ
1067 1677 1105 1746 δέ

101 1788 182 1868 άλλη
207 1787 341 1871 στρατιὴ
363 1788 463 1867 [ἔσκε]
482 1786 668 1871 ὑπαίθριος.
701 1787 746 1864 ὡς
765 1785 802 1852 δέ
820 1789 958 1854 δείπνου
975 1791 1105 1870 γίνοιτο

102 1893 186 1976 ὥρη,
219 1891 255 1956 ol
278 1887 339 1975 μὲν
370 1892 542 1977 δεκόμενοι
569 1894 703 1976 ἔχεσκον
734 1894 855 1974 πόνον,
888 1893 924 1958 οί
955 1889 992 1957 δέ
1019 1893 1105 1969 ὅκως

8 1963 18 1994 ’
101 1997 304 2080 πλησθέντες
326 1997 428 2063 νύκτα
448 1997 551 2063 αὐτοῦ
568 1997 734 2082 ἀγάγοιεν,
751 2005 792 2081 τῇ
810 1997 965 2082 ὑστεραίη
988 2000 1049 2081 τήν
1067 2021 1103 2062 τε

102 2104 229 2187 σκηνὴν
256 2103 502 2180 ἀνασπάσαντες
527 2101 582 2168 καὶ
608 2104 649 2167 τά
677 2106 795 2167 ἔπιπλα
816 2103 924 2168 πάντα
946 2105 1104 2187 λαβόντες

103 2211 189 2276 οὕτω
213 2209 472 2292 ἀπελαύνεσκον,
495 2212 662 2286 λεάτοντες
684 2206 785 2274 οὐδὲν
808 2209 891 2273 ἀλλὰ
913 2212 1102 2294 φερόμενοα

103 2319 188 2381 ἔνθα
220 2317 260 2400 δη
287 2315 541 2402 Μεγακρέοντος
572 2315 695 2400 ἀνδρὸς
723 2311 920 2401 Ἀβδηρίτεω
949 2317 1026 2394 ἔπος
1054 2311 1093 2381 εὖ
1104 2333 1156 2382 1εο
1213 2339 1214 2342 ’

103 2420 276 2507 εἰρημένον
300 2421 443 2506 ἐγένετο,
472 2421 508 2499 ὃς
531 2423 771 2505 συνεβούλευσε
789 2415 999 2507 Ἀβδηρίτησι
1020 2443 1102 2488 παν-

104 2526 199 2613 δημεὶ
225 2527 346 2606 αύτούς
371 2526 426 2594 καὶ
450 2539 622 2612 γυναῖκας,
651 2527 811 2604 ἐλθόντας
837 2527 871 2603 ές
897 2529 936 2592 τά
959 2527 1102 2613 σφέτερα

104 2637 158 2720 ίρά
185 2635 312 2714 ἵζεσθαι
340 2632 445 2710 ίκέτας
470 2644 538 2698 τῶν
563 2640 655 2700 θεῶν
681 2632 960 2719 παραιτεομένους
986 2630 1102 2696 καὶτὸ

103 2743 220 2806 λοιπόν
247 2757 309 2825 σφι
334 2739 518 2824 ἀπαμύνειν
545 2749 612 2803 τῶν
639 2738 799 2804 ἐπιόντων
826 2748 937 2802 κακῶν
962 2739 1003 2801 τά
1028 2737 1100 2820 ἡμί-

103 2866 176 2930 σεα,
210 2858 277 2912 τῶν
307 2869 343 2911 τε
374 2844 623 2930 παροιχομένων
659 2849 745 2929 ἒχειν
777 2860 839 2928 σφι
870 2842 1015 2926 μεγάλην
1046 2842 1102 2925 χά-

11 2941 13 2956 ¹
104 2978 173 3038 ριν,
210 2953 260 3019 ὅτι
296 2953 451 3034 βασιλεὺς
485 2947 608 3034 Ξέρξης
645 2949 686 3014 οὐ
722 2947 774 3026 δίς
810 2947 945 3029 ἑκάστης
980 2944 1104 3030 ἡμέρης

103 3059 234 3144 ἐνόμισε
270 3069 363 3123 σῖτον
400 3055 584 3140 αἱρέεσθαι·
623 3054 778 3139 παρέχειν
813 3054 876 3136 γάρ
913 3049 955 3116 ἀν
987 3045 1104 3135 Ἀβδη·

104 3170 227 3252 ρίτησι,
262 3167 292 3230 εί
321 3160 376 3230 καὶ
407 3164 543 3246 ἄριστον
573 3164 749 3246 προείρητο
782 3160 879 3243 ὅμοια
905 3165 949 3245 τῷ
978 3157 1104 3245 δείπνῳ

103 3271 374 3354 παρασκευάζειν,
409 3268 429 3352 ἢ
466 3269 509 3351 μη
546 3264 724 3350 ὑπομένειν
759 3263 885 3349 Ξέρξην
916 3261 1050 3328 ἐπιόντα
1080 3263 1104 3347 ἢ

103 3379 360 3464 καταμείναντας
401 3375 536 3440 κάκιστα
576 3371 708 3436 πάντων
750 3369 938 3454 ἀνθρώπων
978 3369 1104 3456 διατρι-

104 3488 210 3568 βῆναι.
