2678 3968
185 189 251 252 264
602 183 791 242 Ηειιοοοτι

187 333 416 415 ἀγωνίζονται·
450 331 485 396 οί
509 327 546 396 δέ
579 325 672 396 εἷπον
703 339 760 412 τῆς
790 329 899 414 ἐλαίης
926 331 985 395 τὸν
1012 330 1198 415 διδόμενον

186 436 364 520 στέφανον.
410 436 557 502 ἐνθαῦτα
580 443 671 514 είπας
693 437 830 521 γνώμην
853 437 1088 519 γενναιοτάτην
1114 441 1203 520 Τρι-·

186 545 385 627 τανταίχμης
408 541 426 607 ὁ
447 537 650 626 Ἀρταβάνου
673 543 800 626 δειλίην
823 537 913 626 ώφλε
931 543 1012 626 πρὸς
1030 542 1195 625 βασιλέος.

186 651 442 733 πυνθανόμενος
468 651 532 732 γάρ
559 650 597 714 τὸ
625 649 750 714 ἀεθλον
773 647 829 713 ἐὸν
857 646 1025 731 στέφανον
1052 645 1122 713 ἀλλ’
1150 649 1196 714 ού

187 757 345 840 χρήματα,
371 755 446 820 οὔτε
468 754 623 838 ἠνέσχετο
645 766 748 837 σιγῶν
768 749 839 820 εἶπέ
854 777 889 818 τε
907 753 940 830 ἐς
957 754 1081 832 πάντας
1099 755 1195 820 τάδε·

189 864 318 944 Παπαί,
338 861 523 945 Μαρδόνιε,
546 863 659 936 κοίους
682 856 732 924 ἐπ’
759 861 884 945 ἀνδρας
905 861 1026 943 ἤγαγες
1048 877 1195 946 μαχησο-
1314 839 1320 890 ³

187 969 309 1054 μένους
322 966 433 1051 ἡμέας,
449 969 484 1031 οἳ
495 966 535 1030 οὐ
549 963 623 1050 περὶ
637 966 813 1052 χρημάτων
826 967 885 1030 τὸν
899 965 1011 1049 ἀγῶνα
1020 977 1203 1032 ποιεῦνται
1319 1027 1320 1050 ,

132 1089 168 1137 2⁷
188 1075 271 1140 ἀλλὰ
293 1071 368 1157 περὶ
391 1072 514 1158 ἀρετῆς.
550 1057 655 1159 τὸύτρι
679 1068 739 1156 μὲν
763 1072 804 1155 δὴ
827 1081 930 1136 ταῦτα
948 1078 1070 1158 είρητο·
1094 1074 1130 1139 ἐν
1154 1071 1195 1139 δὲ

186 1190 232 1268 τῷ
252 1181 308 1245 διὰ
326 1178 428 1264 μέσου
447 1181 567 1266 χρόνῳ,
591 1178 695 1243 ἐπείτε
713 1179 750 1243 τὸ
770 1178 807 1244 ἐν
826 1180 1058 1264 Θερμοπύλῃσι
1078 1191 1195 1265 τρῶμα

187 1287 353 1370 ἐγεγόνεε,
381 1285 498 1350 αὐτίκα
527 1282 690 1349 Θεσσαλοὶ
717 1281 881 1366 πέμπουσι
908 1287 1034 1368 κήρυκα
1062 1285 1095 1362 ἐς
1119 1290 1193 1351 Φω-

186 1391 272 1474 κέας,
296 1392 351 1456 ἀτε
375 1408 435 1474 σφι
459 1388 627 1474 ἐνάγοντες
649 1387 713 1455 αίεὶ
735 1391 845 1474 χόλον,
869 1389 933 1454 ἀπὸ
956 1387 993 1456 δὲ
1015 1400 1075 1456 τοῦ
1093 1392 1198 1457 ὑστά-

185 1523 247 1563 του
279 1498 447 1583 τρώματος
478 1495 533 1561 καί
563 1497 600 1561 τὸ
633 1496 744 1581 κάρτα.
790 1496 985 1580 ἐσβαλόντες
1015 1499 1078 1583 γὰρ
1109 1521 1195 1564 παν·

187 1611 323 1689 στρατιῇ
347 1602 445 1666 αὐτοί
464 1624 499 1666 τε
522 1602 558 1666 οί
576 1598 739 1666 Θεσσαλοὶ
760 1599 815 1666 καὶ
839 1601 874 1666 οί
893 1602 1058 1687 σύμμαχοι
1081 1604 1193 1670 αὐτῶν

188 1711 222 1787 ἐς
253 1712 332 1785 τοὺς
362 1707 496 1784 Φωκέας
523 1708 565 1773 οὐ
591 1713 744 1773 πολλοῖσι
771 1710 857 1772 ἔτεσι
883 1710 1045 1793 πρότερον
1071 1713 1194 1796 ταύτης

186 1826 245 1900 τῆς
272 1813 425 1899 βασιλέος
452 1817 690 1900 στρατηλασίης
718 1812 916 1896 ἑσσώθησαν
939 1814 1003 1880 ὑπὸ
1026 1827 1093 1881 τῶν
1118 1821 1194 1883 Φω-

186 1921 274 1988 κέων
301 1919 356 1986 καὶ
383 1919 614 2005 περιέφθησαν
636 1920 788 2006 τρηχέως.
834 1920 938 1986 ἐπείτε
960 1923 1023 2006 γὰρ
1045 1928 1194 2008 κατειλή-

187 2036 301 2112 θησαν
329 2027 362 2104 ἐς
388 2028 447 2092 τὸν
472 2028 676 2112 Παρνησσὸν
704 2027 739 2091 οί
761 2024 890 2103 Φωκέες
917 2029 1046 2112 ἔχοντες
1072 2030 1194 2112 μάντιν

192 2137 332 2217 Τελλίην
355 2133 414 2198 τὸν
434 2130 580 2215 Ἠλεῖον,
605 2132 750 2198 ε’νθαῦτα
774 2131 792 2196 δ
819 2136 954 2216 Τελλίης
977 2129 1074 2212 οὗτος
1095 2139 1194 2220 σοφί-

190 2243 275 2318 ζεται
312 2238 441 2302 αὐτοῖσι
472 2239 616 2303 τοιόνδε·
654 2238 813 2320 γυψώσας
843 2239 968 2324 ἀνδρας
1003 2239 1194 2319 ἑξακοσίους

188 2354 256 2407 τών
288 2343 432 2406 Φωκέων
461 2347 538 2420 τοὺς
566 2344 734 2427 ἀρίστους,
765 2344 886 2421 αὐτούς
911 2368 946 2410 τε
972 2348 1111 2423 τούτους
1137 2347 1194 2414 καὶ

188 2450 229 2514 τά
257 2448 340 2512 ὅπλα
368 2447 492 2530 αὐτῶν,
522 2451 641 2526 νυκτὸς
668 2449 851 2532 ἐπεθήκατο
873 2462 960 2515 τοῖσι
984 2456 1193 2536 Θεσσαλοῖσι,

188 2557 348 2640 προείπας
374 2552 519 2636 αὐτοῖσι,
546 2555 606 2618 τὸν
633 2552 675 2618 ἀν
697 2556 741 2638 μη
764 2558 1022 2634 λευκανθίζοντα
1045 2559 1192 2642 ίδωνται,

188 2670 309 2726 τοῦτον
332 2661 481 2724 κτείνειν.
516 2660 655 2736 τούτους
679 2655 726 2724 ὦν
749 2661 787 2724 αί
802 2684 835 2725 τε
859 2659 1003 2744 φυλακαὶ
1024 2657 1194 2729 τῦν’Θεσ·

189 2772 301 2832 σαλών
328 2775 455 2851 πρώταν
484 2767 615 2831 ἰδοῦσαι
638 2766 870 2850 ἐφοβήθησαν,
899 2767 1035 2846 δόξασαι
1057 2771 1138 2835 ἀλλο
1161 2794 1194 2836 τι

188 2868 276 2938 εἶναι
307 2869 417 2956 τέρας,
448 2867 502 2935 καί
529 2873 608 2948 μετά
634 2873 692 2948 τὰς
719 2873 867 2955 φυλακάς
894 2873 976 2957 αὐτὴ
1008 2874 1029 2959 ἡ
1056 2879 1192 2963 στρατιὴ

189 2979 277 3043 οὕτω
301 2978 384 3042 ὥστε
406 2981 673 3062 τετρακισχιλίων
695 2987 854 3062 κρατῆσαι
876 2991 1003 3066 νεκρώυ
1025 2981 1080 3047 καί
1098 2984 1193 3050 ἀσπί-

189 3085 260 3148 δων
285 3082 430 3166 Φωκέας,
454 3093 521 3147 τών
543 3085 600 3160 τάς
618 3079 679 3166 μὲν
696 3082 832 3167 ἡμισέας
850 3084 883 3162 ἐς
896 3084 998 3170 ’Ἁβας
1015 3087 1196 3172 ἀνέθεσαν,

188 3189 246 3263 τὰς
270 3185 306 3253 δὲ
330 3189 363 3264 ἐς
385 3189 555 3271 Δελφούς
584 3188 604 3272 ἡ
629 3185 665 3255 δὲ
689 3190 806 3274 δεκάτη
830 3190 959 3275 ἐγένετο
982 3203 1049 3257 τῶν
1070 3196 1193 3280 χρημά-

187 3315 256 3356 των
288 3293 324 3358 ἐκ
354 3294 475 3376 ταύτης
505 3303 563 3378 τῆς
589 3295 692 3380 μάχης
720 3295 754 3360 οί
778 3295 913 3381 μεγάλοι
941 3295 1196 3384 ἀνδριάντεςόί

188 3395 264 3478 περὶ
287 3400 346 3464 τὸν
368 3401 509 3482 τρίποδα
527 3411 744 3479 συνεστεῶτες
767 3403 933 3488 ἔμπροσθε
952 3413 1012 3469 τοῦ
1030 3415 1115 3484 νηοῦ
1133 3416 1193 3473 τοῦ
