2632 3970
436 295 502 351 ΗΒ.
517 295 564 352 lx.
602 295 679 352 GAP.
699 304 819 354 31-84.
1064 298 1127 364 341

127 441 307 523 θυόμενος·
332 435 428 518 οὗτος
450 443 513 525 γάρ
537 441 578 524 δή
598 441 704 506 ε’ίπετο
724 449 769 528 τῷ
789 444 1003 527 στρατεύματι
1023 445 1129 532 τούτῳ

129 544 256 629 μάντις·
290 547 349 612 τὸν
377 546 473 613 έόντα
496 543 629 612 Ἠλεῖον
655 545 711 611 καὶ
737 545 850 629 γένεος
876 557 936 612 τοῦ
959 545 1129 633 Ἰαμιδέων

130 651 348 734 [Κλυτιάδην]
375 652 633 736 Λακεδαιμόνιοι
668 652 862 735 έποιήσαπο
895 654 1128 739 λεωσφέτερον.

132 760 303 844 Τισαμενῷ
331 757 394 842 γάρ
421 757 653 845 μαντευομένῳ
680 757 718 823 έν
739 763 904 842 Δελφοῖσι
930 757 1005 843 περὶ
1027 763 1129 842 γόνου

129 861 238 927 άνεϊλε
260 861 280 944 ή
304 865 421 946 Πυθίη
444 862 574 946 άγῦνας
595 866 675 940 τοὺς
696 867 870 948 μεγίστους
892 863 1131 948 ἀναιρήσεσθαι

129 967 234 1034 πέντε.
280 968 299 1034 ό
326 965 387 1053 μέν
411 970 452 1053 δή
480 970 634 1055 ἁμαρτὼν
660 979 721 1036 τοῦ
752 972 953 1056 χρηστηρίου
980 981 1131 1056 προσεῖχε

129 1076 342 1158 γυμνασίοισι
352 1074 995 1160 ὡςἀναιρησόμενοςγυμνικούςἀγῶνας,
1005 1075 1131 1142 ἀσκέων

130 1176 169 1244 δέ
190 1179 395 1246 πεντάεθλον
417 1182 505 1266 παρὰ
527 1181 564 1245 ἓν
586 1182 753 1266 πάλαισμα
776 1181 897 1266 έδραμε
918 1190 1015 1247 νικᾶν
1033 1182 1131 1267 ὀλυμ-

129 1287 242 1369 πιάδα,
257 1283 443 1374 Ἱερωνύμῳ
461 1294 506 1374 τῷ
523 1283 663 1374 Ἀνδρίφ
683 1287 794 1352 ἐλθὼν
813 1287 846 1363 ές
865 1289 944 1372 ἔριν.
972 1289 1132 1352 Λακεδαι-

130 1394 242 1477 μόνιοι
259 1388 303 1457 ’δὲ
325 1395 489 1475 μαθόντες
512 1392 573 1457 οὐκ
596 1392 629 1469 ές
650 1383 833 1476 γυμνικούς
852 1385 924 1458 ἀλλ’
945 1391 979 1468 ές
996 1393 1132 1477 άρηίους

131 1498 261 1581 ἀγῶνας
293 1496 398 1584 φέρον
424 1499 461 1563 τὸ
492 1501 678 1583 Τισαμενοῦ
706 1501 882 1584 μαντήιον,
909 1501 1019 1586 μισθῷ
1049 1499 1132 1564 έπει-

131 1614 238 1688 ρῦντο
265 1607 437 1681 πείσαντες
466 1606 651 1688 Τισαμενὸν
678 1603 852 1670 ποιέεσθαι
880 1606 946 1690 ἅμα
966 1601 1132 1691 Ἡρακλει-

132 1709 218 1777 δέων
249 1719 335 1775 τοῖσι
364 1712 534 1792 βασιλεῦσι
565 1709 710 1793 ἡγεμόνα
741 1720 808 1775 τῶν
839 1709 1000 1796 πολέμων.
1044 1711 1063 1776 ό
1096 1707 1134 1776 δέ

132 1816 238 1901 ὁρίων
273 1812 348 1900 περὶ
383 1819 509 1880 πολλοῦ
544 1814 761 1900 ποιευμένους
793 1819 1002 1902 Σπαρτιήτας
1033 1819 1134 1900 φίλον

133 1923 234 1989 αὐτὸν
261 1920 487 2007 προσθέσθαι,
516 1923 635 2006 μαθὼν
661 1930 759 1986 τοῦτο
785 1921 935 2006 ἀνετίμα,
963 1925 1134 2006 σημαίνων

132 2046 194 2113 σφι
225 2028 271 2104 ὡς
299 2029 342 2112 ήν
368 2052 426 2112 μιν
457 2029 616 2111 πολιήτην
648 2024 810 2112 σφέτερον
838 2031 1041 2111 ποιήσωνται
1067 2037 1134 2092 τῶν

132 2135 266 2200 πάντων
288 2135 527 2218 μεταδιδόντες,
549 2135 679 2216 ποιήσει
700 2141 815 2215 ταῦτα,
840 2130 889 2198 ἐπ’
916 2133 1003 2220 άλλω
1022 2139 1133 2221 μισθῷ

134 2237 165 2305 δ’
192 2241 242 2306 ού.
287 2245 491 2324 Σπαρτιῆται
523 2235 560 2303 δὲ
588 2249 700 2324 πρῶτα
727 2235 788 2323 μὲν
815 2237 1014 2316 ἀκούσαντες
1042 2240 1134 2304 δεινά
1171 2267 1175 2274 ·

134 2347 302 2414 ἐποιεῦντο
325 2343 379 2411 καὶ
402 2348 553 2430 μετίεσαν
575 2353 633 2428 τῆς
654 2345 886 2430 χρησμοσύνης
908 2346 946 2411 τὸ
969 2345 1134 2432 παράπαν,

132 2452 226 2528 τέλος
249 2449 286 2517 δὲ
309 2453 460 2537 δείματος
481 2449 626 2535 μεγάλου
649 2449 908 2537 ἐπικρεμαμένου
930 2460 991 2516 τοῦ
1013 2456 1135 2537 Περσι-

133 2567 196 2624 κοῦ
221 2559 342 2624 τούτου
369 2558 608 2644 στρατεύματος
633 2560 808 2623 καταίνεον
835 2560 1007 2642 μετιόντες.
1053 2553 1136 2621 όδὲ

133 2667 236 2750 γνούς
261 2662 500 2750 τετραμμένους
527 2651 630 2747 σφέας
657 2660 730 2728 οὐδ’
758 2663 844 2728 οὕτω
868 2665 915 2728 ἔτι
938 2664 1002 2746 ἔφη
1026 2660 1135 2746 άρκέε-

134 2779 216 2838 σθαι
242 2771 389 2836 τούτοισι
415 2771 584 2854 μούνοισι,
612 2767 694 2833 ἀλλὰ
721 2769 792 2832 δεῖν
819 2769 867 2832 ἔτι
888 2768 948 2831 τὸν
970 2767 1135 2849 ἀδελφεὸν

134 2877 261 2945 ἑωυτοῦ
278 2873 398 2960 Ἡγίην
420 2877 574 2959 γίνεσθαι
597 2875 809 2958 Σπαρτιήτην
832 2868 884 2936 ἐπὶ
902 2880 988 2936 τοῖσι
1007 2871 1135 2936 αὐτοῖσι

134 2988 263 3069 λόγοισι
280 2993 367 3048 τοῖσι
384 2978 440 3046 καὶ
457 2981 556 3058 αύτδς
572 2983 706 3064 γίνεται.
737 2986 840 3043 ταῦτα
859 2973 896 3042 δὲ
913 2975 1019 3059 λέγων
1038 2971 1135 3054 ούτος
1154 2997 1188 3046 34

135 3089 282 3177 ἐμιμέετο
313 3087 537 3171 Μελάμποδα,
575 3085 619 3162 ὡς
650 3085 776 3150 είκάσαι
807 3085 984 3168 βασιληίην
1014 3105 1050 3146 τε
1080 3080 1136 3147 καὶ

133 3199 309 3280 πολιτηίην
345 3194 544 3277 αἰτεόμενον.
592 3187 648 3258 καὶ
678 3191 742 3275 γάρ
774 3190 815 3273 δή
846 3186 901 3254 καὶ
932 3188 1137 3273 Μελάμπους

134 3313 201 3367 τῶν
224 3301 260 3367 έν
274 3299 389 3386 ’Ἀργελ
409 3307 576 3383 γυναικῶν
594 3295 787 3382 μανεισέων,
811 3296 854 3372 ὥς
872 3318 930 3380 μιν
949 3294 984 3360 οί
995 3291 1136 3379 Ἀργεῑοι

135 3408 336 3492 ἐμισθοῦντο
364 3407 400 3472 έκ
422 3406 540 3471 Πύλου
566 3412 690 3470 παῦσαι
716 3403 773 3479 τάς
794 3400 954 3486 σφετέρας
977 3412 1136 3484 γυναῖκας

134 3522 192 3596 τής
227 3514 367 3594 νούσου,
400 3514 540 3606 μισθὸν
559 3512 769 3597 προετείνατο
803 3516 860 3592 τής
895 3510 1067 3592 βασιληίης
1096 3509 1135 3573 τὸ
