2572 3980
396 285 462 340 LlB.
478 287 511 342 v.
544 287 619 342 CAP.
639 292 751 343 νει-ει.
1036 289 1078 353 15

76 430 202 505 πολλάς
216 431 356 514 ἔχοντες,
380 429 460 496 ὅταν
478 429 678 514 ἐπιφανέωσι
699 431 732 508 ές
749 433 810 515 τήν
828 432 953 516 Νάξον,
972 433 1078 499 πάντα

75 537 230 618 ποιήσειν
248 537 326 612 τοὺς
338 535 487 614 Ναξίους
500 538 539 601 τὰ
558 535 599 601 ὐν
618 533 712 601 αὐτοὶ
730 538 897 620 κελεύωσι,
913 538 957 615 ὣς
971 535 1007 603 δὲ
1021 535 1078 603 καλ

75 643 156 717 τούς
178 642 300 717 άλλους
326 641 504 724 νησιώτας·
535 651 602 706 τῶν
629 643 692 726 γάρ
719 644 833 724 νήσων
860 643 988 708 τούτων
1010 653 1078 707 τῶν

74 745 264 812 Κυκλάδων
283 745 422 830 οὐδεμία
444 771 490 812 κω
508 742 551 830 ήν
569 747 633 817 ὐπὸ
652 751 795 836 Δαρείῳ.
830 747 1026 833 ἀπικόμενος
1040 745 1077 813 δέ
1096 766 1129 816 31

76 847 341 937 δἈρισταγόρης
359 853 392 929 ἐς
410 854 467 929 τὰς
480 853 608 938 Σάρδις
625 852 713 938 λέγει
731 855 813 940 πρὸς
829 855 889 920 τὸν
900 848 1077 939 Ἀρταφρέ-

74 982 136 1024 νεα
151 957 197 1034 ώς
215 956 326 1035 Νάξος
344 963 394 1040 είη
412 967 514 1041 υήσος
527 959 667 1043 μεγάθεϊ
683 955 744 1044 μὲν
762 959 804 1024 οὐ
822 959 956 1043 μεγάλη,
971 960 1078 1036 άλλως

76 1062 114 1129 δὲ
127 1064 212 1146 καλή
226 1085 261 1128 τε
275 1060 329 1127 καὶ
342 1062 452 1146 ἀγαθή
471 1063 525 1128 καὶ
540 1064 643 1149 άγχοῦ
654 1061 790 1148 Ἰωνίης,
809 1068 957 1149 χρήματα
976 1061 1013 1130 δὲ
1027 1067 1078 1130 ἔνι

74 1170 183 1235 πολλὰ
205 1166 259 1234 καλ
282 1167 483 1253 ἀνδράποδα.
513 1172 566 1234 Σύ
589 1161 637 1235 ών
660 1168 712 1236 ἐπί
738 1171 861 1252 ταύτην
884 1171 945 1254 τήν
966 1171 1078 1255 χώρην

76 1273 309 1362 στρατηλάτεε,
332 1274 484 1357 κατάγων
507 1275 541 1352 ές
563 1274 668 1359 αὐτήν
690 1279 768 1352 τοὺς
790 1276 941 1360 φυγάδας
964 1275 996 1354 ἐξ
1020 1276 1078 1341 αὐ-

74 1391 141 1465 τῆς.
165 1382 223 1445 καί
232 1402 285 1444 τοι
301 1387 404 1443 ταῦτα
417 1382 591 1463 ποιήσαντι
604 1389 702 1446 τοῦτο
717 1379 778 1465 μέν
793 1381 861 1446 ἐστι
875 1380 987 1466 ἕτοιμα
1000 1376 1074 1463 παρ’

75 1485 149 1570 ἐμοὶ
177 1487 327 1572 χρήματα
356 1484 480 1568 μεγάλα
507 1484 607 1567 πάρεξ
638 1496 705 1551 τῶν
737 1485 1011 1572 ἀναισιμωμάτων
1037 1494 1077 1570 τή

75 1599 214 1678 στρατιῇ
237 1589 352 1676 (ταῦτα
374 1587 435 1675 μὲν
457 1591 517 1676 γάρ
547 1592 677 1656 δίκαιον
706 1590 806 1676 ήμέας
832 1594 910 1668 τούς
936 1593 1101 1675 ίίγονταςΙ
1196 1601 1201 1612 ’

74 1695 257 1783 παρέχειν),
280 1693 377 1760 τὀῦτο
397 1692 434 1760 δὲ
452 1697 576 1780 νήσους
593 1696 723 1779 βασιλέϊ
737 1701 955 1782 προσκτήσεαι
973 1696 1077 1780 αὐτήν

74 1826 109 1867 τε
132 1801 250 1879 Νάξον
279 1799 333 1865 καλ
360 1803 417 1878 τάς
445 1801 480 1866 ἐκ
506 1803 627 1884 ταύτης
653 1802 850 1888 ἠρτημένας,
883 1802 1000 1886 Πάρον
1022 1800 1077 1868 καί

70 1905 218 1992 Ἀυδρου
231 1904 286 1971 καὶ
300 1906 399 1982 άλλας
413 1908 470 1984 τάς
487 1909 663 1985 Κυκλάδας
680 1907 889 1992 καλευμένας.
919 1908 1077 1974 ἐνθεῦτεν

75 2011 113 2078 δέ
128 2012 322 2098 ὁρμώμενος
336 2011 494 2090 εὐπετέως
508 2013 681 2097 ἐπιθήσεαι
692 2013 832 2098 Εὐβοίῃ,
846 2010 937 2101 νήσῳ
952 2015 1076 2100 μεγάλη

74 2142 109 2184 τε
137 2116 194 2183 καί
221 2117 409 2202 εὐδαίμονι,
445 2118 506 2183 οὐκ
538 2118 692 2184 ἐλάσσονι
722 2119 863 2203 Κύπρου
889 2115 944 2183 καὶ
975 2119 1077 2204 κάρτα

75 2223 208 2290 εὐπετέι
233 2225 417 2308 αίρεθήυαι.
447 2225 614 2309 ἀποχρῶσι
644 2221 681 2291 δὲ
713 2223 829 2290 ἑκατὸν
855 2223 928 2301 νέες
957 2226 1078 2303 ταύτας

74 2328 183 2405 πάσας
205 2330 438 2414 χειρώσασθαι.
477 2328 552 2396 ὁδὶ
570 2329 720 2414 ἀμείβετο
739 2329 841 2395 αὐτὸν
862 2331 1000 2396 τοιοίδε·
1023 2334 1077 2398 Σὺ

75 2443 109 2512 ές
127 2429 223 2499 οίκον
240 2435 301 2500 τὸν
314 2433 466 2518 βασιλέος
485 2435 640 2520 ἐξηγητής
657 2439 765 2519 γίνεαι
782 2435 981 2520 πρηγμάτων
999 2435 1077 2520 άγα·

73 2547 151 2606 θῶν
172 2537 228 2606 καί
251 2548 353 2604 ταῦτα
376 2535 414 2606 εὐ
436 2541 623 2626 παραινέεις
645 2541 765 2624 πάντα,
794 2543 881 2625 πλήν
901 2551 969 2605 τῶν
990 2552 1077 2606 νεῶν

73 2655 137 2713 τοῦ
156 2645 313 2730 ἀριθμοῦ.
342 2643 415 2710 άντλ
435 2643 471 2711 δὲ
490 2645 606 2712 ἑκατὸν
628 2655 714 2712 νεῶν
738 2648 907 2729 διηκόσιαί
924 2669 976 2712 τοι
995 2645 1077 2710 ἕτοι-

73 2775 132 2837 μοι
157 2754 290 2817 ἔσονται
312 2751 379 2836 ἅμα
400 2758 446 2839 τῷ
470 2753 550 2837 έαρι.
588 2753 641 2816 δεῖ
669 2749 706 2817 δὲ
728 2753 874 2817 τούτοισι
896 2748 951 2816 καὶ
974 2751 1076 2815 αὐτὸν

72 2855 214 2940 βασιλέα
237 2855 438 2922 συνέπαινον
460 2859 624 2940 γίνεσθαι.
656 2856 675 2923 δ
698 2854 758 2942 μὲν
782 2858 823 2940 δή
844 2855 1076 2941 Ἀρισταγόρης
1094 2874 1130 2927 ³2

73 2964 118 3042 ὡς
142 2971 247 3028 ταῦτα
269 2964 401 3047 ήκουσε,
423 2964 602 3048 περιχαρής
625 2963 688 3028 έὼυ
706 2959 803 3046 ἀπήιε
821 2962 854 3038 ἐς
872 2965 1037 3044 Μίλητον,
1057 2960 1077 3027 δ

74 3068 111 3136 δὲ
131 3066 372 3154 Ἀρταφρένης,
400 3069 444 3145 ὥς
468 3069 503 3133 οί
521 3067 684 3152 πέμψαντι
707 3069 740 3145 ές
763 3071 878 3131 Σοῦσα
901 3062 955 3130 καλ
977 3065 1076 3152 ὑπερ

74 3175 172 3242 δέντι
189 3176 231 3240 τδι
248 3173 285 3240 έκ
301 3182 362 3240 τοῦ
374 3171 610 3258 Ἀρισταγόρεω
629 3176 789 3257 λεγόμενα
807 3170 1004 3249 συνέπαινος
1021 3171 1076 3238 ’καὶ

75 3282 176 3358 αὐτὸς
199 3285 343 3363 Δαρεῖος
366 3278 511 3362 ἐγένετο,
537 3279 801 3364 παρεσκευάσατο
824 3273 885 3362 μὲν
907 3279 1077 3361 διηκοσίας

74 3389 241 3473 τριήρεας,
264 3385 390 3450 πολλὸν
410 3381 446 3456 δὲ
465 3384 568 3467 κάρτα
587 3385 703 3470 ὅμιλον
718 3382 876 3467 Περσέων
894 3406 928 3448 τε
942 3381 1077 3449 καὶτῶν

76 3487 186 3558 ἄλλων
206 3489 399 3576 συμμάχων,
413 3491 597 3576 στρατηγὸν
616 3487 653 3556 δὲ
670 3490 797 3555 τούτων
816 3487 949 3567 ἀπέδεξε
966 3493 1075 3569 Μεγα-
