2640 3960
433 269 561 326 mvl.
598 269 674 326 σεε.
697 277 852 328 loo-104
1077 275 1140 340 115

135 413 195 496 τήν
219 407 381 497 Ἀττικήν,
413 413 627 498 κατέργοντές
657 438 693 480 τε
727 417 851 482 πολλὸν
883 413 937 481 καλ
970 416 1140 496 δοκέοντες

1 523 2 536 ³
130 505 235 584 ταύτά
265 522 344 596 τοὺς
372 517 572 604 Ἀθηναίους
608 524 760 605 ποιήσειν
791 523 831 586 τά
861 519 916 586 καὶ
947 526 1025 599 τοὺς
1053 519 1138 610 Ἐρε-

131 624 241 710 τριέας
264 625 432 709 ἐποίησαν.
468 625 523 692 καὶ
545 622 588 710 ήν
610 629 672 712 γάρ
692 626 871 712 Μαραθὼν
890 627 1139 711 ἐπιτηδεότατον

131 733 255 815 χωρίον
277 740 334 815 τῆς
349 728 494 816 Ἀττικῆς
512 732 705 798 ἐνιππεῦσαι
723 731 777 797 καὶ
796 732 962 817 ἀγχοτάτω
980 743 1037 817 τῆς
1052 731 1138 820 Ἐρε-

131 839 234 920 τρίης,
258 836 292 914 ἐς
313 840 412 904 τοῦτό
435 854 496 922 σφι
518 838 693 922 κατηγέετο
707 835 832 922 Ἱππίης
850 838 868 903 ό
888 839 1136 922 Πεισιστράτου.

129 938 304 1024 Ἀθηναῖοι
327 941 364 1010 δέ
387 944 432 1020 ὡς
455 944 622 1011 ἐπύθοντο
642 953 756 1028 ταῦτα,
781 943 943 1029 ἐβοήθεον
962 942 1016 1009 καὶ
1035 943 1128 1010 αὐτοὶ
1140 965 1190 1013 108

132 1047 166 1123 ές
191 1049 252 1114 τὸν
275 1053 483 1133 Μαραθῶνα.
533 1045 617 1133 ἦγον
644 1049 684 1115 δέ
708 1066 812 1135 σφεας
840 1048 1016 1136 στρατηγοὶ
1049 1049 1137 1132 δέκα,

130 1165 198 1218 τῶν
220 1153 239 1220 ὑ
264 1154 398 1232 δέκατος
415 1150 457 1239 ἦν
476 1157 673 1239 Μιλτιάδης,
697 1165 757 1221 τοῦ
778 1157 838 1222 τὸν
856 1153 980 1240 πατέρα
999 1159 1137 1240 Κίμωνα

130 1261 190 1324 τὸν
212 1263 434 1346 Στησαγόρεω
456 1260 613 1345 κατέλαβε
636 1273 757 1346 φυγεῖν
778 1261 810 1339 ἐξ
831 1258 1001 1345 Ἀθηνέων
1025 1264 1137 1326 Πεισί-

131 1383 274 1450 στρατον
296 1368 355 1432 τὸν
374 1363 611 1451 Ἱπποκράτεος.
656 1365 711 1433 καὶ
734 1367 822 1456 αὐτῷ
846 1368 1006 1452 φεύγοντι
1025 1365 1135 1451 Ὀλυμ

130 1473 233 1556 πιάδμ
263 1471 440 1538 ἀνελέσθαι
471 1476 642 1562 τεθρίππῳ
671 1473 809 1556 συνέβη,
842 1471 896 1538 καὶ
926 1473 1049 1556 ταὺτηυ
1077 1468 1137 1556 μέν

132 1579 192 1660 τήν
214 1581 312 1661 νίκην
332 1577 533 1664 ἀνελόμενόν
552 1601 609 1663 μιν
627 1579 733 1644 τώυτὸ
752 1577 978 1657 ἐξενείκασθαι
996 1586 1041 1666 τῷ
1061 1577 1137 1660 ὁμο-

131 1686 256 1772 μητρίφ
279 1683 428 1772 ἀδελφεῷ
448 1685 625 1770 Μιλτιάδη.
663 1686 742 1769 μετά
766 1680 803 1750 δὺ
824 1693 863 1768 τῇ
886 1683 1006 1769 ὑστέρη
1023 1680 1137 1768 Ὀλυμ

130 1790 223 1854 πιάδι
254 1797 328 1875 τῇσι
360 1789 477 1875 αὐτῇσι
509 1791 637 1855 ἵπποισι
673 1801 777 1856 νικῶν
810 1791 993 1876 παραδιδοῖ
1023 1795 1137 1854 Πεισι-

0 1953 1 1960 ,
131 1895 258 1983 στράτφ
286 1895 575 1981 ἀνακηρυχθῆναι,
602 1893 658 1960 καὶ
685 1897 747 1980 τήν
773 1899 872 1980 νίκην
893 1893 1008 1984 παρεὶς
1030 1897 1136 1983 τούτφ

130 2006 274 2084 κατήλθε
302 1999 354 2068 ἐπὶ
380 2003 420 2066 τὺ
447 2001 573 2068 ἑωυτοῦ
596 2001 815 2078 ὑπόσπονδος.
860 2006 919 2067 καί
939 2027 995 2086 μιν
1023 2002 1136 2067 ἀνελό-

131 2131 233 2192 μενον
251 2116 325 2193 τῇσι
348 2108 466 2193 αὐτῇσι
489 2107 618 2174 ἵπποισι
636 2109 741 2190 ἀλλην
761 2105 962 2191 Ὀλυμπιάδα
979 2106 1136 2191 κατέλαβε

131 2213 316 2280 ἀποθανεῖν
335 2214 399 2279 ὑπὸ
418 2224 485 2280 τῶν
502 2213 743 2298 Πεισιστράτου
761 2215 900 2295 παίδων,
920 2212 1029 2278 οὐκέτι
1047 2234 1136 2296 περι-

131 2323 244 2396 εόντος
276 2319 379 2386 αὐτοῦ
408 2317 662 2402 Πεισιστράτου·
694 2321 860 2383 κτείνουσι
888 2313 925 2384 δὲ
957 2313 1053 2384 οὑτοί
1079 2342 1136 2402 μιν

130 2427 212 2492 κατά
242 2427 279 2492 τὸ
307 2427 513 2511 πρυτανήιον
544 2425 663 2500 νυκτὸς
690 2423 882 2500 ὑπείσαντες
910 2425 1042 2508 ἀνδρας.
1086 2423 1135 2488 τέ-

130 2539 257 2597 θαπται
288 2527 325 2596 δὲ
351 2533 469 2614 Κίμων
500 2531 565 2614 πρὸ
598 2537 659 2595 τοῦ
691 2530 824 2612 ἀστεος,
857 2527 965 2614 πέρην·
992 2539 1049 2613 τῆς
1081 2530 1136 2595 διὰ

131 2641 255 2720 Κοίλης
271 2635 473 2720 καλεομένης
495 2635 590 2700 ὑδοὺ·
613 2639 789 2700 καταντίον
811 2632 842 2700 δ’
865 2635 969 2699 αὐτοῦ
991 2636 1027 2700 αί
1043 2635 1136 2699 ἵπποι

132 2743 315 2827 τεθάφαται
351 2737 448 2808 αὑται
483 2741 521 2806 αί
553 2752 640 2825 τρεῖς
673 2738 891 2825 Ὀλυμπιάδας
931 2739 1134 2821 ἀνελόμεναι.

132 2851 291 2932 ἐποίησαν
314 2846 351 2914 δὲ
373 2845 428 2912 καὶ
450 2847 546 2912 ἀλλαι
569 2847 662 2912 ’ίπποι
684 2848 748 2930 ήδη
766 2845 872 2912 τώυτὸ
890 2853 989 2910 τοῦτο
1007 2844 1135 2926 Εὐαγό-

133 2981 196 3042 ρεω
218 2955 393 3036 Λάκωνος,
425 2952 512 3018 πλέω
541 2948 578 3017 δὲ
606 2953 734 3018 τούτων
763 2951 914 3036 οὐδαμαί.
961 2949 978 3014 ὁ
1002 2945 1063 3033 μὲν
1093 2951 1134 3033 δή

132 3062 352 3147 πρεσβύτερος
378 3069 446 3124 τῶν
473 3060 602 3124 παίδων
629 3066 674 3144 τῷ
697 3060 828 3142 Κίμωνι
851 3057 1066 3139 Στησαγόρης
1092 3049 1135 3138 ἦν

131 3176 310 3254 τηνικαῦτα
340 3167 429 3251 παρὰ
460 3173 505 3253 τῷ
533 3164 644 3250 πάτρῳ
673 3163 841 3246 Μιλτιάδη
869 3164 1071 3247 τρεφόμενος
1098 3161 1135 3227 έν

131 3284 170 3360 τῇ
192 3274 409 3358 Χερσονήσῳ,
439 3271 458 3337 δ
486 3267 522 3334 δὲ
545 3269 704 3350 νεώτερος
730 3264 806 3351 παρ’
834 3267 922 3355 αὐτῷ
946 3270 1076 3352 Κίμωνι
1099 3267 1135 3332 έν

129 3374 299 3465 Ἀθήνησι,
323 3377 470 3461 τοῦνομα
494 3379 577 3460 ἔχων
601 3373 664 3438 ἀπὸ
687 3381 747 3439 τοῦ
771 3373 918 3438 οἰκιστέω
936 3382 994 3458 τῆς
1012 3377 1135 3459 Χερσο-

132 3490 237 3570 νήσου
268 3482 460 3549 Μιλτιάδεω
482 3479 678 3564 Μιλτιάδης.
727 3472 823 3554 οὑτος
856 3479 896 3562 δή
925 3473 972 3544 ὧν
1004 3481 1076 3544 τότε
1108 3479 1188 3544 6104

881 3582 918 3634 8*
