2678 3970
222 263 285 327 146
637 259 822 317 HERODOTI

218 408 391 492 νοστὴσης.
433 407 464 471 εί
486 402 523 472 δέ
544 413 647 471 ταῦτα
670 401 731 490 μὲν
753 404 935 470 ὑποδύνειν
959 402 1020 468 ούιι
1042 400 1225 484 ἐθελήσεις,

218 513 263 577 σὺ
295 508 333 577 δὲ
361 511 491 589 πάντως
525 511 709 597 στράτευμα
739 508 869 589 ἀνάξεις
898 506 951 576 ἐπὶ
982 509 1044 592 τὴν
1069 502 1223 589 Ἑλλάδα,

218 615 426 682 ἀκούσεσθαί
442 616 518 681 τινά
539 639 625 701 φημι
648 627 717 680 τῶν
735 615 839 680 αὑτοῦ
855 614 934 699 τῇδε
951 610 1225 697 ὑπολειπομένων

217 721 428 806 Μαρδόνιον,
447 721 531 808 μέγα
548 745 580 787 τι
597 723 700 788 κακὸν
719 719 979 807 ἐξεργασάμενον
996 718 1139 807 Πέρσας,
1158 718 1224 784 ὑπὸ

217 838 331 894 κυνῶν
353 849 389 893 τε
410 825 465 893 καλ
488 827 638 912 ὀρνίθων
662 827 926 914 διαφερεύμενον
948 828 1051 911 ἡκου
1068 825 1106 892 έν
1122 833 1166 910 γη
1183 833 1225 909 τῇ

214 927 405 1017 Ἀθηναίων
431 935 452 1017 ἡ
475 932 515 999 σέ
534 955 572 1016 γε
602 933 638 999 ἐν
659 941 699 1018 τῇ
722 934 1012 1019 Λακεδαιμονίων,
1040 933 1072 996 εί
1091 930 1135 1016 μὴ
1159 933 1225 1017 ἄρα

217 1036 274 1104 καὶ
295 1040 457 1124 πρότερον
475 1035 546 1103 κατ’
568 1037 661 1122 ὁδόν,
679 1041 802 1121 γνόντα
820 1035 871 1106 ἐπ’
892 1038 985 1115 οέονς
1002 1038 1127 1122 ἄνδρας
1144 1035 1224 1102 άυα-

218 1143 392 1227 γινύσκεις
414 1145 653 1230 στρατεύεσθαι
675 1143 820 1228 βασιλέα.

165 1272 199 1322 11
304 1242 501 1334 Ἀρτάβανος
524 1246 584 1334 μὲν
606 1257 709 1316 ταῦτα
731 1249 828 1333 ἔλεξε,
852 1247 975 1336 Ξέρξης
994 1245 1032 1315 δὲ
1049 1245 1227 1333 θυμωθείς

219 1353 386 1439 ἀμείβεται
403 1356 543 1422 τοισίδε·
558 1351 748 1440 Ἀρτάβανε,
764 1358 887 1441 πατρὸς
901 1351 948 1432 είς
960 1363 1021 1422 τοῦ
1035 1354 1116 1440 ἐμοῦ
1129 1353 1225 1421 άδελ-

220 1462 314 1544 φεύς·
344 1462 443 1526 τοῦτό
465 1476 503 1526 σε
530 1459 665 1546 ῥύσεται
691 1459 817 1546 μηδένα
844 1459 938 1538 άξιον
961 1461 1086 1546 μισθὸν
1108 1464 1225 1545 λαβεῖν

219 1563 325 1631 ἐπέων
356 1568 512 1651 ματαίων.
556 1569 615 1631 καί
640 1589 693 1633 τοι
719 1567 843 1650 ταύτην
873 1566 935 1650 τὴν
962 1566 1095 1651 ἀτιμίην
1121 1584 1221 1652 προσ-

219 1673 337 1756 τίθημι
355 1671 444 1737 έύντι
461 1678 549 1760 ιιαιιςό
567 1693 603 1737 τε
620 1669 675 1737 ιιαλ
693 1671 824 1760 διθύμμ,
843 1674 924 1757 μήτε
941 1669 1224 1758 συστρατεύεσθαι

221 1778 332 1861 ἔμοιγε
354 1774 406 1843 ἐπὶ
428 1777 490 1861 τὴν
508 1773 649 1843 Ἑλλάδα
671 1777 775 1844 αὑτοῦ
796 1801 832 1844 τε
854 1777 967 1862 μένειν
988 1777 1056 1862 ἅμα
1072 1785 1148 1863 τῇσι
1164 1803 1222 1862 γυ-

219 1881 321 1961 ναιξί·
355 1883 419 1967 ἐγὼ
451 1880 489 1948 δέ
515 1880 571 1948 καί
596 1884 678 1950 ἄνευ
712 1883 769 1949 σέο
797 1883 859 1949 ὅσα
885 1904 947 1969 περ
975 1878 1050 1949 εἶπα
1077 1883 1225 1950 ἐπιτελέα

218 1991 357 2073 ποιήσω.
401 1990 445 2075 μὴ
467 1989 532 2074 γάρ
554 1994 627 2074 εἴην
650 1989 685 2056 έιι
703 1992 851 2074 Δαρείου
873 1998 934 2055 τοῦ
952 1986 1147 2067 Ὑστάσπεος
1163 1999 1227 2056 τοῦ

216 2076 394 2180 Ἀρσάμεος
419 2104 479 2161 τοῦ
504 2089 727 2181 Ἀριαράμνεω
755 2103 816 2161 τοῦ
842 2098 998 2172 Τεΐσπεος
1022 2104 1084 2162 τοῦ
1105 2097 1225 2182 Κύρου

219 2209 282 2264 τοῦ
299 2201 486 2285 Καμβύσεω
508 2209 569 2266 τοῦ
591 2203 747 2276 Τεΐσπεος
768 2208 829 2265 τοῦ
843 2197 1051 2284 Ἀχαιμένεος
1067 2203 1224 2285 γεγονώς,
1328 2247 1329 2280 η

221 2305 265 2388 μὴ
292 2305 561 2389 τιμωρησάμενος
584 2301 797 2389 Ἀθηναίους,
826 2299 864 2370 εὑ
886 2304 1100 2390 ἐπιστάμενος
1121 2307 1174 2373 ὅτι
1195 2309 1226 2373 εί

220 2408 314 2494 ἡμεῖς
330 2409 472 2492 ἡσυχίην
489 2408 620 2494 ἄξομεν,
643 2406 714 2475 ἀλλ’
737 2409 798 2475 οὐκ
816 2409 947 2494 έκεῖνοι,
965 2409 1120 2478 ἀλλὰκαὶ
1138 2415 1224 2498 μάλα

223 2515 477 2600 στρατεύσονται
508 2513 561 2580 έπλ
587 2516 648 2599 τὴν
674 2513 850 2601 ἡμετέρην,
882 2518 914 2581 εί
937 2518 999 2603 χρὴ
1028 2519 1223 2602 σταθμώσα-

222 2627 305 2689 σθαι
334 2629 422 2686 τοῖσι
452 2619 691 2705 ὑπαργμένοισι
723 2620 756 2700 ἐξ
788 2621 939 2705 ἐκείνων,
971 2625 1007 2689 οἳ
1033 2624 1160 2709 Σάρδις
1189 2650 1225 2691 τε

223 2727 408 2815 ἐνέπρησαν
431 2725 487 2792 καὶ
508 2727 636 2811 ἡλασαν
659 2727 692 2804 ές
713 2729 776 2812 τὴν
794 2724 916 2812 Ἀσίην.
957 2729 1019 2795 ούκ
1041 2725 1090 2796 ὧν
1112 2729 1227 2809 ἐξανα-

222 2835 359 2922 χωρέειν
381 2831 585 2918 οὐδετέροισι
609 2834 759 2911 δυνατῶς
780 2836 856 2918 ἔχει,
879 2833 961 2899 ἀλλὰ
978 2834 1103 2901 ποιέειν
1125 2835 1228 2921 ἡπα-

147 3021 150 3028 Δ
222 2949 301 3008 θεῖν
323 2939 495 3027 προαέεται
518 2940 623 3024 ἀγών,
653 2940 708 3006 ἵνα
730 2939 751 3024 ἡ
773 2940 851 3006 τάδε
872 2941 979 3006 πάντα
1001 2940 1065 3008 ὑπὸ
1089 2939 1225 3027 Ἕλλησι

223 3047 244 3132 ἡ
267 3048 375 3113 ἐκεῖνα
401 3047 508 3112 πάντα
534 3045 599 3112 ὑπὸ
622 3045 772 3132 Πέρσησι
793 3045 941 3130 γένηται·
971 3047 1010 3113 τὸ
1036 3047 1098 3132 γάρ
1121 3046 1228 3132 μέσον

225 3149 326 3218 οὐδέν
343 3160 400 3235 τῆς
418 3154 540 3238 ἔχθρης
555 3151 633 3218 ἐστί.
664 3151 767 3217 καλὸν
780 3146 828 3217 ὧν
840 3155 1112 3239 προπεπονθότας
1124 3152 1231 3238 ἡμέας

223 3255 397 3341 τιμωρέειν
418 3257 483 3340 ἤδη
505 3260 641 3341 γίνεται,
664 3257 720 3323 ἵνα
741 3254 797 3322 καὶ
819 3258 856 3323 τδ
879 3258 991 3323 δεινὸν
1012 3259 1051 3324 τὸ
1071 3261 1225 3345 πείσομαι

223 3370 323 3428 τοῦτο
355 3362 467 3446 μάθω,
504 3362 622 3440 ἐλάσας
652 3359 703 3429 ἐπ’
736 3364 862 3449 ἄνδρας
891 3363 1047 3447 τούτους,
1078 3365 1156 3442 τούς
1187 3389 1229 3449 γε

223 3465 280 3533 καὶ
303 3465 419 3546 Πέλοψ
447 3467 464 3533 ὁ
490 3467 598 3555 Φρύξ,
625 3467 691 3533 ἐὼν
716 3467 867 3554 πατέρων
891 3480 959 3535 τῶν
981 3468 1069 3555 ἐμῶν
1093 3470 1231 3554 δοῦλος,
