2632 3970
208 293 272 358 348
616 293 802 350 HERODO'I'I

208 435 227 502 ὑ
249 439 425 504 Μακεδών.
470 435 573 523 ὁμὲν
599 447 702 503 ταῦτα
729 444 821 515 εἴπας
847 437 1015 521 ἀπήλαυνε
1042 415 1146 503 ὀπίσω
1176 438 1209 515 ές

156 561 190 611 ιο
207 544 245 607 τὸ
264 545 487 629 στρατόπεδον
503 541 560 610 καὶ
576 544 637 627 τὴν
656 542 781 609 ἑωυτοῦ
797 543 903 622 τάξιν·
926 545 961 609 οί
976 539 1014 608 δὲ
1031 542 1209 628 στρατηγοὶ

207 657 276 713 τῶν
299 645 488 733 Ἀθηναίων
515 649 670 725 έίιθόντες
697 647 749 714 ἐπὶ
775 651 813 715 τὸ
841 648 950 727 δεξιὸν
974 647 1071 734 κέρας
1093 652 1209 732 ἔλεγον

209 756 385 841 Παυσανίῃ
412 755 452 819 τά
473 776 534 839 περ
561 756 709 838 ήκουσαν
727 751 952 839 Ἀλεξάνδρου.
997 751 1076 819 ὁδὲ
1101 756 1209 842 τούτῳ
1303 775 1304 784 ’

207 865 253 946 τῷ
276 862 364 947 λόγῳ
381 860 637 946 καταρρωδήσας
654 862 732 936 τοὺς
749 859 881 947 Πέρσας
900 861 990 944 ἔλεγε
1008 860 1100 925 τάδε·
1119 857 1210 926 Ἐπεὶ

207 966 324 1030 τοίνυν
341 965 376 1042 ές
392 966 441 1049 ἡῶ
459 965 480 1049 ἡ
499 966 648 1050 συμβοίὴ
666 968 802 1049 γίνεται,
825 964 927 1050 ὑμέας
944 961 1006 1051 μὲν
1023 968 1122 1051 χρεόν
1140 965 1210 1030 ἐστι

207 1072 286 1146 τοὺς
304 1067 504 1154 Ἀθηναίους
531 1079 648 1155 στήνοιι
674 1073 756 1136 κατὰ
777 1073 856 1148 τοὺς
879 1069 1026 1155 Πέρσας,
1048 1069 1150 1155 ἡμέας
1172 1068 1210 1136 δὲ

207 1176 289 1238 κατά
311 1177 389 1252 τοὺς
411 1177 579 1252 Βοιωτούς
599 1199 635 1240 τε
661 1175 716 1241 καὶ
740 1179 818 1253 τοὺς
840 1173 909 1241 κατ’
936 1174 1037 1260 ὑμέας
1058 1175 1209 1261 τεταγμέ-
1303 1257 1304 1268 ¹

208 1301 290 1355 νους
312 1275 494 1364 Ἑλλήνων,
523 1282 629 1346 τῶνδε
656 1283 776 1347 εἵνεκα·
808 1282 901 1366 ὑμεῖς
928 1281 1105 1347 ἐπίστασθε
1131 1284 1210 1356 τοὺς

208 1384 350 1467 Μήδους
375 1384 430 1450 καὶ
452 1387 513 1469 τήν
535 1387 643 1471 μάχην
666 1387 776 1452 αὑτῶν
799 1388 836 1453 έν
858 1393 1049 1474 Μαραθῶνι
1071 1387 1209 1472 μαχεσά-

208 1511 317 1573 μενοι,
339 1489 433 1575 ἡμεῖς
460 1489 497 1557 δὲ
524 1493 657 1576 ἀτειροί
679 1493 717 1558 τέ
742 1495 832 1577 είμευ
858 1492 915 1558 καὶ
941 1492 1056 1570 ἀδαέες
1081 1494 1209 1558 τούτων

208 1604 275 1658 τῶν
293 1594 439 1681 ἀνδρῶν·
462 1597 698 1683 Σπαρτιητέων
715 1600 779 1684 γάρ
797 1597 909 1676 οὐδεὶς
927 1601 1118 1685 πεπείρηται
1135 1601 1209 1681 Μή·
1303 1675 1304 1696 ¹

210 1701 287 1766 δωυ.
310 1701 403 1786 ἡμεῖς
426 1699 463 1767 δέ
485 1707 642 1768 Βοιωτῶν
663 1702 719 1768 καὶ
740 1708 916 1770 Θεσσαλῶν
939 1707 1090 1791 ἔμπειροί
1109 1705 1208 1788 είμεν,
1303 1707 1304 1710 ’

209 1801 280 1871 ἀλλ’
306 1806 534 1891 ἀναλαβόντας
554 1810 595 1874 τά
617 1809 701 1874 ὅπλα
723 1812 822 1895 χρεόν
841 1809 909 1875 έστι
928 1809 1013 1874 ίέναι
1030 1807 1132 1893 ὑμέας
1148 1806 1207 1893 μέν

210 1911 244 1989 ές
265 1914 341 1978 τόδε
363 1915 400 1978 τὸ
423 1912 530 2000 κέρας,
552 1913 653 1999 ἡμέας
677 1910 713 1980 δέ
737 1914 770 1992 ές
790 1916 828 1980 τὸ
852 1915 1033 1998 εὐώνυμον.
1073 1916 1154 2001 πρὸς
1173 1913 1210 1980 δὲ
1298 1921 1304 1944 “

209 2027 311 2084 ταῦτα
330 2014 426 2084 εἶπαν
445 2021 480 2085 οί
492 2017 664 2104 Ἀθηναῖοι
681 2021 772 2085 τάδε·
791 2013 857 2084 Καὶ
876 2020 1004 2085 αὐτοῖσι
1017 2017 1097 2103 ἡμῖν
1109 2020 1210 2085 πάλαι

210 2121 264 2188 ἀπ’
287 2125 397 2210 ἀρχῆς,
416 2125 520 2191 έπείτε
538 2127 671 2211 είδομευ
688 2123 758 2216 κατ’
778 2125 879 2210 ὑμέας
892 2124 1115 2209 τασσομένους
1132 2127 1211 2202 τοὺς

211 2228 356 2314 Πέρσας,
390 2231 426 2297 έν
457 2234 525 2318 νόφ
553 2230 682 2316 ἐγένετο
710 2233 814 2298 είπεῑν
840 2241 942 2296 ταῦτα
968 2231 1009 2295 τά
1029 2251 1091 2316 περ
1117 2230 1211 2314 ὑμεῖς

211 2333 359 2416 φθάντες
389 2336 586 2421 προφέρετε·
618 2337 701 2401 ἀλλά
731 2338 794 2422 γάρ
822 2335 1032 2421 ἀρρωδέομεν
1059 2337 1103 2420 μὴ
1130 2336 1210 2420 ὑμῖν

211 2437 273 2502 οὐκ
294 2437 388 2520 ἡδέες
408 2439 571 2523 γένωνται
593 2443 629 2507 οί
649 2445 750 2525 λόγοι.
788 2441 857 2507 ἐπεὶ
881 2440 911 2507 δ’
934 2437 981 2506 ὧν
1000 2439 1095 2507 αὑτοὶ
1113 2441 1210 2526 έμνή-

132 2607 137 2616 ,
211 2550 325 2626 σθητε,
343 2541 398 2608 καὶ
415 2543 607 2630 ἡδομένοισι
625 2546 704 2631 ἡμίν
723 2547 758 2612 οί
773 2549 868 2630 λόγοι
885 2550 1042 2631 γεγόνασι
1059 2544 1115 2610 καὶ
1128 2545 1210 2612 ἕτοι-
1303 2615 1304 2624 ¹

158 2667 192 2717 47
211 2651 270 2733 μοί
295 2650 385 2733 είμεν
411 2648 536 2715 ποιέειν
562 2659 672 2716 ταῦτα.
719 2652 763 2728 ὡς
790 2648 821 2715 δ’
852 2653 968 2736 ήρεσκε
995 2649 1211 2737 ἀμφοτέροισι

210 2764 327 2838 ταῦτα,
354 2756 422 2840 ήάς
443 2779 477 2821 τε
505 2755 656 2841 διέφαινε
682 2755 738 2822 καὶ
765 2757 1002 2822 διαλλάσσοντο
1030 2759 1087 2834 τὰς
1113 2757 1209 2836 τάξις.
1303 2805 1304 2826 ι

210 2864 347 2944 γνόντες
379 2858 416 2926 δέ
447 2862 483 2927 οί
508 2861 650 2927 Βοιωτοὶ
681 2864 718 2927 τὸ
749 2864 948 2946 ποιεύμενον
979 2861 1211 2948 ἐξαγορεύουσι
1301 2923 1304 2934 ,

210 2969 406 3054 Μαρδονίῳ.
441 2966 459 3032 ὑ
483 2965 514 3032 δ’
540 2967 644 3033 ἐπείτε
666 2969 797 3050 ήκουσε,
817 2968 933 3032 αὐτίκα
951 2967 1140 3052 μετιστάναι
1155 2966 1211 3033 καὶ
1303 3025 1304 3052 ,

212 3073 311 3150 αὐτὸς
330 3073 490 3158 ἐπειρᾶτο,
508 3073 666 3158 παράγων
684 3074 764 3150 τοὺς
777 3071 908 3157 Πέρσας
920 3074 1002 3138 κατά
1014 3075 1092 3150 τοὺς
1106 3077 1211 3139 Λακε-

213 3181 416 3264 δαιμονίους.
457 3179 502 3256 ὡς
529 3178 566 3244 δὲ
588 3181 691 3263 ἔμαθε
713 3186 811 3244 τοῦτο
834 3187 964 3244 τοιοῦτο
988 3178 1210 3262 γενόμενονὸ
1303 3167 1304 3192 ¹

213 3287 423 3367 Παυσανίης,
450 3287 553 3367 γνοὺς
580 3283 630 3348 ὅτι
657 3283 698 3348 οὐ
721 3283 895 3365 λανθάνει,
926 3283 1028 3348 ὀπίσω
1052 3278 1111 3366 ήγε
1132 3287 1212 3361 τοὺς
1303 3317 1304 3370 η

212 3391 421 3473 Σπαρτιήτας
448 3387 502 3454 ἐπὶ
527 3390 565 3454 τὸ
594 3387 702 3466 δεξιὸν
724 3388 830 3473 κέρας·
861 3389 905 3465 ὥς
928 3386 958 3452 δ’
985 3389 1091 3466 οὑτως
1114 3387 1211 3455 καὶὸ
1303 3403 1304 3410 ’

159 3508 194 3558 48
213 3494 408 3572 Μαρδόνιος
430 3490 483 3557 ἐπὶ
504 3501 565 3558 τοῦ
588 3493 770 3575 εὐωνύμου.
808 3491 876 3558 ἐπεὶ
899 3490 936 3559 δὲ
953 3492 1155 3576 κατέστησαν
1178 3494 1212 3572 ές
1303 3581 1304 3592 ¹
