<?xml version="1.0" encoding="UTF-8"?>
<!DOCTYPE html PUBLIC "-//W3C//DTD XHTML 1.0 Transitional//EN"
    "http://www.w3.org/TR/xhtml1/DTD/xhtml1-transitional.dtd">
<html xmlns="http://www.w3.org/1999/xhtml" xml:lang="en" lang="en">
 <head>
  <title>
</title>
<meta http-equiv="Content-Type" content="text/html;charset=utf-8" />
  <meta name='ocr-system' content='tesseract 3.04.00' />
  <meta name='ocr-capabilities' content='ocr_page ocr_carea ocr_par ocr_line ocrx_word'/>
</head>
<body>
  <div class='ocr_page' id='page_1' title='image "./herodotihistori07herogoog_0307.png"; bbox 0 0 2678 3968; ppageno 0'>
   <div class='ocr_carea' id='block_1_1' title="bbox 212 276 1321 386">
    <p class='ocr_par' dir='ltr' id='par_1_1' title="bbox 212 276 1321 386">
     <span class='ocr_line' id='line_1_1' title="bbox 212 276 1321 386; baseline -0.002 -53"><span class='ocrx_word' id='word_1_1' title='bbox 212 282 277 346; x_wconf 80' lang='lat'><strong><em>250</em></strong></span> <span class='ocrx_word' id='word_1_2' title='bbox 624 276 810 332; x_wconf 78' lang='lat' dir='ltr'>HERODOTI</span> <span class='ocrx_word' id='word_1_3' title='bbox 1259 277 1261 282; x_wconf 82' lang='lat'>&#39;</span> <span class='ocrx_word' id='word_1_4' title='bbox 1310 313 1321 386; x_wconf 44' lang='grc' dir='ltr'><strong><em>η</em></strong></span> 
     </span>
    </p>
   </div>
   <div class='ocr_carea' id='block_1_2' title="bbox 211 421 1324 1035">
    <p class='ocr_par' dir='ltr' id='par_1_2' title="bbox 211 421 1324 1035">
     <span class='ocr_line' id='line_1_2' title="bbox 211 421 1214 508; baseline -0.004 -19"><span class='ocrx_word' id='word_1_5' title='bbox 211 447 246 490; x_wconf 90' lang='grc' dir='ltr'><strong><em>τε</em></strong></span> <span class='ocrx_word' id='word_1_6' title='bbox 274 423 338 488; x_wconf 81' lang='grc' dir='ltr'><strong><em>ἐὼν</em></strong></span> <span class='ocrx_word' id='word_1_7' title='bbox 360 421 487 508; x_wconf 75' lang='grc' dir='ltr'><strong><em>Ξέρξεω</em></strong></span> <span class='ocrx_word' id='word_1_8' title='bbox 514 421 651 488; x_wconf 82' lang='grc' dir='ltr'><strong><em>καὶτοῦ</em></strong></span> <span class='ocrx_word' id='word_1_9' title='bbox 673 431 833 488; x_wconf 83' lang='grc' dir='ltr'><strong><em>ναυτικοῦ</em></strong></span> <span class='ocrx_word' id='word_1_10' title='bbox 856 432 999 507; x_wconf 89' lang='grc' dir='ltr'><strong><em>στρατοῦ</em></strong></span> <span class='ocrx_word' id='word_1_11' title='bbox 1022 423 1214 506; x_wconf 89' lang='grc' dir='ltr'><strong><em>στρατηγός,</em></strong></span> 
     </span>
     <span class='ocr_line' id='line_1_3' title="bbox 212 526 1215 616; baseline -0.001 -23"><span class='ocrx_word' id='word_1_12' title='bbox 212 529 409 613; x_wconf 88' lang='grc' dir='ltr'><strong><em>παρατυχών</em></strong></span> <span class='ocrx_word' id='word_1_13' title='bbox 441 551 475 594; x_wconf 93' lang='grc' dir='ltr'><strong><em>τε</em></strong></span> <span class='ocrx_word' id='word_1_14' title='bbox 508 530 552 616; x_wconf 75' lang='grc' dir='ltr'><strong><em>τῷ</em></strong></span> <span class='ocrx_word' id='word_1_15' title='bbox 586 531 673 615; x_wconf 81' lang='grc' dir='ltr'><strong><em>λόγῳ</em></strong></span> <span class='ocrx_word' id='word_1_16' title='bbox 706 526 760 593; x_wconf 83' lang='grc' dir='ltr'><strong><em>καὶ</em></strong></span> <span class='ocrx_word' id='word_1_17' title='bbox 792 528 903 605; x_wconf 89' lang='grc' dir='ltr'><strong><em>δείσας</em></strong></span> <span class='ocrx_word' id='word_1_18' title='bbox 935 529 978 613; x_wconf 87' lang='grc' dir='ltr'><strong><em>μή</em></strong></span> <span class='ocrx_word' id='word_1_19' title='bbox 1012 527 1215 612; x_wconf 75' lang='grc' dir='ltr'><em>ἀναγνωσθῇ</em></span> 
     </span>
     <span class='ocr_line' id='line_1_4' title="bbox 212 624 1216 720; baseline -0.004 -20"><span class='ocrx_word' id='word_1_20' title='bbox 212 633 335 720; x_wconf 75' lang='grc' dir='ltr'><strong><em>Ξέρξης</em></strong></span> <span class='ocrx_word' id='word_1_21' title='bbox 365 632 490 700; x_wconf 79' lang='grc' dir='ltr'><strong><em>ποιέειν</em></strong></span> <span class='ocrx_word' id='word_1_22' title='bbox 520 643 637 700; x_wconf 86' lang='grc' dir='ltr'><strong><em>ταῦτα·</em></strong></span> <span class='ocrx_word' id='word_1_23' title='bbox 664 624 702 698; x_wconf 78' lang='grc' dir='ltr'><em>Ὠ</em></span> <span class='ocrx_word' id='word_1_24' title='bbox 729 636 879 716; x_wconf 81' lang='grc' dir='ltr'><strong><em>βασιλεῦ,</em></strong></span> <span class='ocrx_word' id='word_1_25' title='bbox 911 632 994 716; x_wconf 87' lang='grc' dir='ltr'><strong><em>ὁρέω</em></strong></span> <span class='ocrx_word' id='word_1_26' title='bbox 1025 650 1061 698; x_wconf 90' lang='grc' dir='ltr'><strong><em>σε</em></strong></span> <span class='ocrx_word' id='word_1_27' title='bbox 1092 631 1216 717; x_wconf 89' lang='grc' dir='ltr'><strong><em>ἀνδρὸς</em></strong></span> 
     </span>
     <span class='ocr_line' id='line_1_5' title="bbox 214 734 1323 825; baseline -0.004 -20"><span class='ocrx_word' id='word_1_28' title='bbox 214 739 429 825; x_wconf 77' lang='grc' dir='ltr'><strong><em>ἐνδεκόμενον</em></strong></span> <span class='ocrx_word' id='word_1_29' title='bbox 461 742 581 823; x_wconf 91' lang='grc' dir='ltr'><strong><em>λόγους</em></strong></span> <span class='ocrx_word' id='word_1_30' title='bbox 609 739 645 816; x_wconf 87' lang='grc' dir='ltr'><strong><em>δς</em></strong></span> <span class='ocrx_word' id='word_1_31' title='bbox 674 738 814 823; x_wconf 76' lang='grc' dir='ltr'><strong><em>φθονέει</em></strong></span> <span class='ocrx_word' id='word_1_32' title='bbox 840 762 891 804; x_wconf 87' lang='grc' dir='ltr'><strong><em>τοι</em></strong></span> <span class='ocrx_word' id='word_1_33' title='bbox 919 734 956 803; x_wconf 88' lang='grc' dir='ltr'><strong><em>εύ</em></strong></span> <span class='ocrx_word' id='word_1_34' title='bbox 983 741 1165 824; x_wconf 77' lang='grc' dir='ltr'><strong><em>πρήσσοντι</em></strong></span> <span class='ocrx_word' id='word_1_35' title='bbox 1194 737 1215 821; x_wconf 86' lang='grc' dir='ltr'><strong><em>ή</em></strong></span> <span class='ocrx_word' id='word_1_36' title='bbox 1322 763 1323 768; x_wconf 61' lang='grc'>’</span> 
     </span>
     <span class='ocr_line' id='line_1_6' title="bbox 213 841 1323 952; baseline 0 -42"><span class='ocrx_word' id='word_1_37' title='bbox 213 843 267 911; x_wconf 81' lang='grc' dir='ltr'><strong><em>καὶ</em></strong></span> <span class='ocrx_word' id='word_1_38' title='bbox 293 847 452 930; x_wconf 75' lang='grc' dir='ltr'><strong><em>προδιδοῖ</em></strong></span> <span class='ocrx_word' id='word_1_39' title='bbox 475 847 648 930; x_wconf 91' lang='grc' dir='ltr'><strong><em>πρήγματα</em></strong></span> <span class='ocrx_word' id='word_1_40' title='bbox 675 846 714 909; x_wconf 89' lang='grc' dir='ltr'><strong><em>τά</em></strong></span> <span class='ocrx_word' id='word_1_41' title='bbox 741 846 791 909; x_wconf 89' lang='grc' dir='ltr'><strong><em>σά.</em></strong></span> <span class='ocrx_word' id='word_1_42' title='bbox 837 841 892 909; x_wconf 82' lang='grc' dir='ltr'><strong><em>καὶ</em></strong></span> <span class='ocrx_word' id='word_1_43' title='bbox 914 845 977 929; x_wconf 86' lang='grc' dir='ltr'><strong><em>γάρ</em></strong></span> <span class='ocrx_word' id='word_1_44' title='bbox 1001 845 1041 927; x_wconf 87' lang='grc' dir='ltr'><strong><em>δή</em></strong></span> <span class='ocrx_word' id='word_1_45' title='bbox 1064 841 1119 910; x_wconf 84' lang='grc' dir='ltr'><strong><em>καὶ</em></strong></span> <span class='ocrx_word' id='word_1_46' title='bbox 1141 847 1215 928; x_wconf 87' lang='grc' dir='ltr'><strong><em>τρό-</em></strong></span> <span class='ocrx_word' id='word_1_47' title='bbox 1312 923 1323 952; x_wconf 39' lang='grc' dir='ltr'>ἲ</span> 
     </span>
     <span class='ocr_line' id='line_1_7' title="bbox 212 947 1324 1035; baseline -0.001 -18"><span class='ocrx_word' id='word_1_48' title='bbox 212 967 304 1017; x_wconf 88' lang='grc' dir='ltr'><strong><em>ποισι</em></strong></span> <span class='ocrx_word' id='word_1_49' title='bbox 326 953 506 1017; x_wconf 81' lang='grc' dir='ltr'><strong><em>τοιούτοισι</em></strong></span> <span class='ocrx_word' id='word_1_50' title='bbox 528 951 708 1035; x_wconf 76' lang='grc' dir='ltr'><strong><em>χρεώμενοι</em></strong></span> <span class='ocrx_word' id='word_1_51' title='bbox 726 947 883 1032; x_wconf 84' lang='grc' dir='ltr'><strong><em>Ἕλληνες</em></strong></span> <span class='ocrx_word' id='word_1_52' title='bbox 905 953 1070 1034; x_wconf 90' lang='grc' dir='ltr'><strong><em>χαίρουσι·</em></strong></span> <span class='ocrx_word' id='word_1_53' title='bbox 1097 958 1158 1016; x_wconf 89' lang='grc' dir='ltr'><strong><em>τοῦ</em></strong></span> <span class='ocrx_word' id='word_1_54' title='bbox 1180 973 1214 1016; x_wconf 87' lang='grc' dir='ltr'><strong><em>τε</em></strong></span> <span class='ocrx_word' id='word_1_55' title='bbox 1323 1003 1324 1034; x_wconf 46' lang='grc' dir='ltr'><strong><em>η</em></strong></span> 
     </span>
    </p>
   </div>
   <div class='ocr_carea' id='block_1_3' title="bbox 106 1050 1329 3565">
    <p class='ocr_par' dir='ltr' id='par_1_3' title="bbox 106 1050 1329 3565">
     <span class='ocr_line' id='line_1_8' title="bbox 214 1050 1212 1142; baseline -0.003 -19"><span class='ocrx_word' id='word_1_56' title='bbox 214 1057 380 1142; x_wconf 80' lang='grc' dir='ltr'><strong><em>εὐτυχέειν</em></strong></span> <span class='ocrx_word' id='word_1_57' title='bbox 403 1055 589 1140; x_wconf 79' lang='grc' dir='ltr'><strong><em>φθονέουσι</em></strong></span> <span class='ocrx_word' id='word_1_58' title='bbox 610 1052 666 1119; x_wconf 82' lang='grc' dir='ltr'><strong><em>καὶ</em></strong></span> <span class='ocrx_word' id='word_1_59' title='bbox 688 1055 726 1119; x_wconf 85' lang='grc' dir='ltr'><strong><em>τὸ</em></strong></span> <span class='ocrx_word' id='word_1_60' title='bbox 748 1053 890 1138; x_wconf 79' lang='grc' dir='ltr'><strong><em>κρέσσον</em></strong></span> <span class='ocrx_word' id='word_1_61' title='bbox 909 1053 1092 1137; x_wconf 77' lang='grc' dir='ltr'><strong><em>στυγέουσι.</em></strong></span> <span class='ocrx_word' id='word_1_62' title='bbox 1128 1057 1160 1120; x_wconf 89' lang='grc' dir='ltr'><strong><em>εί</em></strong></span> <span class='ocrx_word' id='word_1_63' title='bbox 1182 1050 1212 1120; x_wconf 86' lang='grc' dir='ltr'><strong><em>δ’</em></strong></span> 
     </span>
     <span class='ocr_line' id='line_1_9' title="bbox 213 1157 1325 1252; baseline -0.002 -24"><span class='ocrx_word' id='word_1_64' title='bbox 213 1161 266 1228; x_wconf 79' lang='grc' dir='ltr'><strong><em>ἐπὶ</em></strong></span> <span class='ocrx_word' id='word_1_65' title='bbox 292 1171 367 1247; x_wconf 82' lang='grc' dir='ltr'><strong><em>τῃσι</em></strong></span> <span class='ocrx_word' id='word_1_66' title='bbox 389 1161 596 1246; x_wconf 80' lang='grc' dir='ltr'><strong><em>’παρεούσῃσι</em></strong></span> <span class='ocrx_word' id='word_1_67' title='bbox 622 1161 754 1245; x_wconf 82' lang='grc' dir='ltr'><strong><em>τύχῃσι,</em></strong></span> <span class='ocrx_word' id='word_1_68' title='bbox 782 1170 849 1224; x_wconf 82' lang='grc' dir='ltr'><strong><em>τῶν</em></strong></span> <span class='ocrx_word' id='word_1_69' title='bbox 876 1157 948 1237; x_wconf 89' lang='grc' dir='ltr'><strong><em>νέες</em></strong></span> <span class='ocrx_word' id='word_1_70' title='bbox 972 1164 1215 1246; x_wconf 75' lang='grc' dir='ltr'><strong><em>νεναυηγήκασι</em></strong></span> <span class='ocrx_word' id='word_1_71' title='bbox 1324 1243 1325 1252; x_wconf 16' lang='lat'>¹</span> 
     </span>
     <span class='ocr_line' id='line_1_10' title="bbox 213 1263 1241 1353; baseline 0.001 -20"><span class='ocrx_word' id='word_1_72' title='bbox 213 1270 428 1353; x_wconf 88' lang='grc' dir='ltr'><strong><em>τετρακόσιαι,</em></strong></span> <span class='ocrx_word' id='word_1_73' title='bbox 447 1269 547 1343; x_wconf 85' lang='grc' dir='ltr'><strong><em>ἀλλας</em></strong></span> <span class='ocrx_word' id='word_1_74' title='bbox 566 1267 601 1332; x_wconf 82' lang='grc' dir='ltr'><strong><em>ἐκ</em></strong></span> <span class='ocrx_word' id='word_1_75' title='bbox 615 1275 674 1330; x_wconf 91' lang='grc' dir='ltr'><strong><em>τοῦ</em></strong></span> <span class='ocrx_word' id='word_1_76' title='bbox 693 1263 917 1350; x_wconf 88' lang='grc' dir='ltr'><strong><em>στρατοπέδου</em></strong></span> <span class='ocrx_word' id='word_1_77' title='bbox 934 1271 1123 1351; x_wconf 81' lang='grc' dir='ltr'><strong><em>τριηκοσίας</em></strong></span> <span class='ocrx_word' id='word_1_78' title='bbox 1136 1267 1216 1334; x_wconf 86' lang='grc' dir='ltr'><strong><em>ἀπο·</em></strong></span> <span class='ocrx_word' id='word_1_79' title='bbox 1238 1303 1241 1308; x_wconf 93' lang='grc'><em>·</em></span> 
     </span>
     <span class='ocr_line' id='line_1_11' title="bbox 214 1370 1216 1458; baseline -0.001 -19"><span class='ocrx_word' id='word_1_80' title='bbox 214 1373 350 1458; x_wconf 75' lang='grc' dir='ltr'><strong><em>πέμψεις</em></strong></span> <span class='ocrx_word' id='word_1_81' title='bbox 377 1371 563 1457; x_wconf 76' lang='grc' dir='ltr'><strong><em>περιπλέειν</em></strong></span> <span class='ocrx_word' id='word_1_82' title='bbox 586 1373 860 1454; x_wconf 89' lang='grc' dir='ltr'><strong><em>Πελοπόννησον,</em></strong></span> <span class='ocrx_word' id='word_1_83' title='bbox 889 1370 1063 1456; x_wconf 85' lang='grc' dir='ltr'><strong><em>ἀξιόμαχοί</em></strong></span> <span class='ocrx_word' id='word_1_84' title='bbox 1085 1395 1138 1439; x_wconf 92' lang='grc' dir='ltr'><strong><em>τοι</em></strong></span> <span class='ocrx_word' id='word_1_85' title='bbox 1166 1377 1216 1456; x_wconf 91' lang='grc' dir='ltr'><strong><em>γί-</em></strong></span> 
     </span>
     <span class='ocr_line' id='line_1_12' title="bbox 214 1472 1216 1564; baseline 0 -19"><span class='ocrx_word' id='word_1_86' title='bbox 214 1502 330 1545; x_wconf 90' lang='grc' dir='ltr'><strong><em>νονται</em></strong></span> <span class='ocrx_word' id='word_1_87' title='bbox 354 1478 389 1543; x_wconf 91' lang='grc' dir='ltr'><strong><em>οί</em></strong></span> <span class='ocrx_word' id='word_1_88' title='bbox 409 1478 594 1542; x_wconf 78' lang='grc' dir='ltr'><strong><em>ἀντίπαλοι·</em></strong></span> <span class='ocrx_word' id='word_1_89' title='bbox 618 1476 697 1560; x_wconf 87' lang='grc' dir='ltr'><strong><em>ἁλής</em></strong></span> <span class='ocrx_word' id='word_1_90' title='bbox 720 1472 756 1541; x_wconf 72' lang='grc' dir='ltr'><strong><em>δὲ</em></strong></span> <span class='ocrx_word' id='word_1_91' title='bbox 780 1477 844 1542; x_wconf 84' lang='grc' dir='ltr'><strong><em>έὼν</em></strong></span> <span class='ocrx_word' id='word_1_92' title='bbox 866 1476 885 1542; x_wconf 86' lang='grc' dir='ltr'><strong><em>ό</em></strong></span> <span class='ocrx_word' id='word_1_93' title='bbox 907 1479 1061 1555; x_wconf 76' lang='grc' dir='ltr'><strong><em>ναυτικὸς</em></strong></span> <span class='ocrx_word' id='word_1_94' title='bbox 1079 1481 1216 1564; x_wconf 87' lang='grc' dir='ltr'><strong><em>στρατὸς</em></strong></span> 
     </span>
     <span class='ocr_line' id='line_1_13' title="bbox 216 1581 1327 1674; baseline 0.001 -24"><span class='ocrx_word' id='word_1_95' title='bbox 216 1586 521 1668; x_wconf 88' lang='grc' dir='ltr'><strong><em>δυσμεταχείριστός</em></strong></span> <span class='ocrx_word' id='word_1_96' title='bbox 546 1606 581 1648; x_wconf 93' lang='grc' dir='ltr'><strong><em>τε</em></strong></span> <span class='ocrx_word' id='word_1_97' title='bbox 613 1583 742 1648; x_wconf 84' lang='grc' dir='ltr'><strong><em>αύτοίσι</em></strong></span> <span class='ocrx_word' id='word_1_98' title='bbox 769 1586 910 1666; x_wconf 89' lang='grc' dir='ltr'><strong><em>γίνεται,</em></strong></span> <span class='ocrx_word' id='word_1_99' title='bbox 941 1581 996 1648; x_wconf 84' lang='grc' dir='ltr'><strong><em>καὶ</em></strong></span> <span class='ocrx_word' id='word_1_100' title='bbox 1023 1583 1127 1668; x_wconf 88' lang='grc' dir='ltr'><strong><em>ἀρχήν</em></strong></span> <span class='ocrx_word' id='word_1_101' title='bbox 1155 1586 1217 1651; x_wconf 86' lang='grc' dir='ltr'><strong><em>οὐκ</em></strong></span> <span class='ocrx_word' id='word_1_102' title='bbox 1326 1651 1327 1674; x_wconf 29' lang='grc' dir='ltr'><strong><em>η</em></strong></span> 
     </span>
     <span class='ocr_line' id='line_1_14' title="bbox 107 1686 1215 1780; baseline 0 -25"><span class='ocrx_word' id='word_1_103' title='bbox 107 1777 109 1780; x_wconf 16' lang='lat'>¹</span> <span class='ocrx_word' id='word_1_104' title='bbox 216 1691 389 1775; x_wconf 79' lang='grc' dir='ltr'><strong><em>ἀξιόμαχοί</em></strong></span> <span class='ocrx_word' id='word_1_105' title='bbox 412 1713 464 1755; x_wconf 90' lang='grc' dir='ltr'><strong><em>τοι</em></strong></span> <span class='ocrx_word' id='word_1_106' title='bbox 491 1692 636 1772; x_wconf 80' lang='grc' dir='ltr'><strong><em>ἔσονται,</em></strong></span> <span class='ocrx_word' id='word_1_107' title='bbox 665 1687 720 1754; x_wconf 84' lang='grc' dir='ltr'><strong><em>καὶ</em></strong></span> <span class='ocrx_word' id='word_1_108' title='bbox 746 1697 808 1765; x_wconf 83' lang='grc' dir='ltr'><strong><em>πᾶς</em></strong></span> <span class='ocrx_word' id='word_1_109' title='bbox 835 1686 854 1754; x_wconf 85' lang='grc' dir='ltr'><strong><em>δ</em></strong></span> <span class='ocrx_word' id='word_1_110' title='bbox 880 1690 1034 1766; x_wconf 88' lang='grc' dir='ltr'><strong><em>ναυτικὸς</em></strong></span> <span class='ocrx_word' id='word_1_111' title='bbox 1060 1698 1105 1777; x_wconf 75' lang='grc' dir='ltr'><strong><em>τῷ</em></strong></span> <span class='ocrx_word' id='word_1_112' title='bbox 1132 1695 1215 1779; x_wconf 78' lang='grc' dir='ltr'><strong><em>πεζῷ</em></strong></span> 
     </span>
     <span class='ocr_line' id='line_1_15' title="bbox 216 1792 1219 1883; baseline -0.001 -20"><span class='ocrx_word' id='word_1_113' title='bbox 216 1797 327 1882; x_wconf 83' lang='grc' dir='ltr'><strong><em>ἀρήξει</em></strong></span> <span class='ocrx_word' id='word_1_114' title='bbox 348 1794 402 1861; x_wconf 82' lang='grc' dir='ltr'><strong><em>καὶ</em></strong></span> <span class='ocrx_word' id='word_1_115' title='bbox 422 1795 440 1862; x_wconf 88' lang='grc' dir='ltr'>ὁ</span> <span class='ocrx_word' id='word_1_116' title='bbox 462 1797 556 1874; x_wconf 80' lang='grc' dir='ltr'><strong><em>πεζὸς</em></strong></span> <span class='ocrx_word' id='word_1_117' title='bbox 577 1803 622 1883; x_wconf 79' lang='grc' dir='ltr'><strong><em>τῷ</em></strong></span> <span class='ocrx_word' id='word_1_118' title='bbox 645 1802 789 1882; x_wconf 77' lang='grc' dir='ltr'><strong><em>ναυτικῷ</em></strong></span> <span class='ocrx_word' id='word_1_119' title='bbox 813 1792 897 1878; x_wconf 88' lang='grc' dir='ltr'><strong><em>ὁμοῦ</em></strong></span> <span class='ocrx_word' id='word_1_120' title='bbox 919 1797 1155 1880; x_wconf 86' lang='grc' dir='ltr'><strong><em>πορευόμενος·</em></strong></span> <span class='ocrx_word' id='word_1_121' title='bbox 1188 1799 1219 1862; x_wconf 89' lang='grc' dir='ltr'><strong><em>εί</em></strong></span> 
     </span>
     <span class='ocr_line' id='line_1_16' title="bbox 217 1899 1328 1985; baseline 0 -17"><span class='ocrx_word' id='word_1_122' title='bbox 217 1901 254 1969; x_wconf 77' lang='grc' dir='ltr'><strong><em>δέ</em></strong></span> <span class='ocrx_word' id='word_1_123' title='bbox 277 1903 481 1984; x_wconf 77' lang='grc' dir='ltr'><strong><em>διασπάσεις,</em></strong></span> <span class='ocrx_word' id='word_1_124' title='bbox 505 1901 581 1966; x_wconf 82' lang='grc' dir='ltr'><strong><em>οὔτε</em></strong></span> <span class='ocrx_word' id='word_1_125' title='bbox 604 1903 646 1965; x_wconf 87' lang='grc' dir='ltr'><strong><em>σὺ</em></strong></span> <span class='ocrx_word' id='word_1_126' title='bbox 670 1903 758 1965; x_wconf 83' lang='grc' dir='ltr'><strong><em>ἔσεαι</em></strong></span> <span class='ocrx_word' id='word_1_127' title='bbox 781 1899 937 1964; x_wconf 90' lang='grc' dir='ltr'><strong><em>έκείνοισι</em></strong></span> <span class='ocrx_word' id='word_1_128' title='bbox 959 1903 1118 1985; x_wconf 86' lang='grc' dir='ltr'><strong><em>χρήσιμος</em></strong></span> <span class='ocrx_word' id='word_1_129' title='bbox 1141 1903 1216 1968; x_wconf 87' lang='grc' dir='ltr'><strong><em>ούτε</em></strong></span> <span class='ocrx_word' id='word_1_130' title='bbox 1297 1923 1328 1952; x_wconf 73' lang='lat'><strong><em>=&lt;</em></strong></span> 
     </span>
     <span class='ocr_line' id='line_1_17' title="bbox 217 2000 1217 2093; baseline -0.002 -17"><span class='ocrx_word' id='word_1_131' title='bbox 217 2009 336 2076; x_wconf 82' lang='grc' dir='ltr'><strong><em>έκεῖνοι</em></strong></span> <span class='ocrx_word' id='word_1_132' title='bbox 359 2011 420 2072; x_wconf 90' lang='grc' dir='ltr'><strong><em>σοί.</em></strong></span> <span class='ocrx_word' id='word_1_133' title='bbox 460 2007 500 2073; x_wconf 91' lang='grc' dir='ltr'><strong><em>τά</em></strong></span> <span class='ocrx_word' id='word_1_134' title='bbox 523 2015 669 2072; x_wconf 89' lang='grc' dir='ltr'><strong><em>σεωυτοῦ</em></strong></span> <span class='ocrx_word' id='word_1_135' title='bbox 693 2002 729 2071; x_wconf 72' lang='grc' dir='ltr'><strong><em>δὲ</em></strong></span> <span class='ocrx_word' id='word_1_136' title='bbox 751 2004 924 2089; x_wconf 72' lang='grc' dir='ltr'><strong><em>τιθέμενος</em></strong></span> <span class='ocrx_word' id='word_1_137' title='bbox 946 2000 984 2071; x_wconf 85' lang='grc' dir='ltr'><strong><em>εὖ</em></strong></span> <span class='ocrx_word' id='word_1_138' title='bbox 1006 2007 1143 2091; x_wconf 78' lang='grc' dir='ltr'><strong><em>γνώμην</em></strong></span> <span class='ocrx_word' id='word_1_139' title='bbox 1166 2011 1217 2093; x_wconf 83' lang='grc' dir='ltr'><strong><em>ἔχε</em></strong></span> 
     </span>
     <span class='ocr_line' id='line_1_18' title="bbox 215 2110 1217 2198; baseline -0.001 -19"><span class='ocrx_word' id='word_1_140' title='bbox 215 2117 256 2180; x_wconf 88' lang='grc' dir='ltr'><strong><em>τά</em></strong></span> <span class='ocrx_word' id='word_1_141' title='bbox 277 2125 343 2179; x_wconf 80' lang='grc' dir='ltr'><strong><em>τῶν</em></strong></span> <span class='ocrx_word' id='word_1_142' title='bbox 367 2111 592 2197; x_wconf 82' lang='grc' dir='ltr'><strong><em>ἀντιπολέμων</em></strong></span> <span class='ocrx_word' id='word_1_143' title='bbox 615 2113 658 2196; x_wconf 86' lang='grc' dir='ltr'><strong><em>μὴ</em></strong></span> <span class='ocrx_word' id='word_1_144' title='bbox 683 2110 892 2193; x_wconf 86' lang='grc' dir='ltr'><strong><em>ἐπιλέγεσθαι</em></strong></span> <span class='ocrx_word' id='word_1_145' title='bbox 914 2113 1098 2196; x_wconf 90' lang='grc' dir='ltr'><strong><em>πρήγματα,</em></strong></span> <span class='ocrx_word' id='word_1_146' title='bbox 1121 2122 1161 2198; x_wconf 79' lang='grc' dir='ltr'><strong><em>τῇ</em></strong></span> <span class='ocrx_word' id='word_1_147' title='bbox 1184 2137 1217 2178; x_wconf 88' lang='grc' dir='ltr'><strong><em>τε</em></strong></span> 
     </span>
     <span class='ocr_line' id='line_1_19' title="bbox 218 2217 1218 2302; baseline 0.002 -20"><span class='ocrx_word' id='word_1_148' title='bbox 218 2221 393 2302; x_wconf 90' lang='grc' dir='ltr'><strong><em>στήσονται</em></strong></span> <span class='ocrx_word' id='word_1_149' title='bbox 410 2220 470 2284; x_wconf 86' lang='grc' dir='ltr'><strong><em>τὸν</em></strong></span> <span class='ocrx_word' id='word_1_150' title='bbox 488 2221 632 2302; x_wconf 89' lang='grc' dir='ltr'><strong><em>πόλεμον</em></strong></span> <span class='ocrx_word' id='word_1_151' title='bbox 647 2218 688 2282; x_wconf 86' lang='grc' dir='ltr'><strong><em>τά</em></strong></span> <span class='ocrx_word' id='word_1_152' title='bbox 700 2241 735 2283; x_wconf 91' lang='grc' dir='ltr'><strong><em>τε</em></strong></span> <span class='ocrx_word' id='word_1_153' title='bbox 749 2219 926 2300; x_wconf 88' lang='grc' dir='ltr'><strong><em>ποιήσουσι</em></strong></span> <span class='ocrx_word' id='word_1_154' title='bbox 945 2217 1019 2283; x_wconf 86' lang='grc' dir='ltr'><strong><em>ὅσοι</em></strong></span> <span class='ocrx_word' id='word_1_155' title='bbox 1036 2240 1071 2282; x_wconf 92' lang='grc' dir='ltr'><strong><em>τε</em></strong></span> <span class='ocrx_word' id='word_1_156' title='bbox 1089 2221 1218 2302; x_wconf 79' lang='grc' dir='ltr'><strong><em>πλῆθός</em></strong></span> 
     </span>
     <span class='ocr_line' id='line_1_20' title="bbox 218 2320 1217 2409; baseline 0.001 -21"><span class='ocrx_word' id='word_1_157' title='bbox 218 2325 290 2388; x_wconf 88' lang='grc' dir='ltr'><strong><em>είσι.</em></strong></span> <span class='ocrx_word' id='word_1_158' title='bbox 328 2321 436 2388; x_wconf 81' lang='grc' dir='ltr'><strong><em>ίκανοὶ</em></strong></span> <span class='ocrx_word' id='word_1_159' title='bbox 459 2325 521 2408; x_wconf 89' lang='grc' dir='ltr'><strong><em>γάρ</em></strong></span> <span class='ocrx_word' id='word_1_160' title='bbox 545 2323 669 2388; x_wconf 83' lang='grc' dir='ltr'><strong><em>ἐκεῖνοί</em></strong></span> <span class='ocrx_word' id='word_1_161' title='bbox 687 2347 724 2406; x_wconf 94' lang='grc' dir='ltr'><strong><em>γε</em></strong></span> <span class='ocrx_word' id='word_1_162' title='bbox 748 2320 842 2388; x_wconf 85' lang='grc' dir='ltr'><strong><em>αὐτοὶ</em></strong></span> <span class='ocrx_word' id='word_1_163' title='bbox 866 2321 998 2389; x_wconf 81' lang='grc' dir='ltr'><strong><em>ἑωυτῶν</em></strong></span> <span class='ocrx_word' id='word_1_164' title='bbox 1020 2321 1095 2408; x_wconf 91' lang='grc' dir='ltr'><strong><em>πέρι</em></strong></span> <span class='ocrx_word' id='word_1_165' title='bbox 1114 2347 1217 2409; x_wconf 72' lang='grc' dir='ltr'><strong><em>φρον·</em></strong></span> 
     </span>
     <span class='ocr_line' id='line_1_21' title="bbox 216 2424 1220 2514; baseline 0.002 -21"><span class='ocrx_word' id='word_1_166' title='bbox 216 2431 315 2506; x_wconf 68' lang='grc' dir='ltr'><strong><em>τιζειν</em></strong></span> <span class='ocrx_word' id='word_1_167' title='bbox 338 2429 415 2509; x_wconf 87' lang='grc' dir='ltr'><strong><em>είσί,</em></strong></span> <span class='ocrx_word' id='word_1_168' title='bbox 443 2427 535 2510; x_wconf 73' lang='grc' dir='ltr'><strong><em>ἡμεῖς</em></strong></span> <span class='ocrx_word' id='word_1_169' title='bbox 559 2424 595 2494; x_wconf 73' lang='grc' dir='ltr'><strong><em>δέ</em></strong></span> <span class='ocrx_word' id='word_1_170' title='bbox 617 2426 727 2512; x_wconf 76' lang='grc' dir='ltr'><strong><em>ἡμέων</em></strong></span> <span class='ocrx_word' id='word_1_171' title='bbox 750 2429 914 2505; x_wconf 79' lang='grc' dir='ltr'><strong><em>ὡσαύτως.</em></strong></span> <span class='ocrx_word' id='word_1_172' title='bbox 959 2430 1220 2514; x_wconf 89' lang='grc' dir='ltr'><strong><em>Λακεδαιμόνιοι</em></strong></span> 
     </span>
     <span class='ocr_line' id='line_1_22' title="bbox 219 2530 1219 2621; baseline 0.001 -22"><span class='ocrx_word' id='word_1_173' title='bbox 219 2531 255 2599; x_wconf 73' lang='grc' dir='ltr'><strong><em>δὲ</em></strong></span> <span class='ocrx_word' id='word_1_174' title='bbox 277 2531 320 2617; x_wconf 85' lang='grc' dir='ltr'><strong><em>ήν</em></strong></span> <span class='ocrx_word' id='word_1_175' title='bbox 344 2537 418 2597; x_wconf 78' lang='grc' dir='ltr'><strong><em>ἴωσι</em></strong></span> <span class='ocrx_word' id='word_1_176' title='bbox 441 2531 536 2596; x_wconf 92' lang='grc' dir='ltr'><strong><em>ἀντία</em></strong></span> <span class='ocrx_word' id='word_1_177' title='bbox 556 2532 706 2618; x_wconf 84' lang='grc' dir='ltr'><strong><em>Πέρσησι</em></strong></span> <span class='ocrx_word' id='word_1_178' title='bbox 729 2533 762 2610; x_wconf 90' lang='grc' dir='ltr'><strong><em>ές</em></strong></span> <span class='ocrx_word' id='word_1_179' title='bbox 784 2535 900 2618; x_wconf 90' lang='grc' dir='ltr'><strong><em>μάχην,</em></strong></span> <span class='ocrx_word' id='word_1_180' title='bbox 920 2530 1021 2600; x_wconf 73' lang='grc' dir='ltr'><strong><em>οὐδέν</em></strong></span> <span class='ocrx_word' id='word_1_181' title='bbox 1038 2535 1075 2598; x_wconf 87' lang='grc' dir='ltr'><strong><em>τὸ</em></strong></span> <span class='ocrx_word' id='word_1_182' title='bbox 1094 2537 1219 2621; x_wconf 82' lang='grc' dir='ltr'><strong><em>παρεόν</em></strong></span> 
     </span>
     <span class='ocr_line' id='line_1_23' title="bbox 166 2635 1220 2726; baseline 0.005 -24"><span class='ocrx_word' id='word_1_183' title='bbox 166 2652 216 2703; x_wconf 73' lang='lat'><strong><em>237</em></strong></span> <span class='ocrx_word' id='word_1_184' title='bbox 226 2651 339 2726; x_wconf 84' lang='grc' dir='ltr'><strong><em>τρῶμα</em></strong></span> <span class='ocrx_word' id='word_1_185' title='bbox 357 2637 519 2703; x_wconf 85' lang='grc' dir='ltr'><strong><em>ἀκεῦνται.</em></strong></span> <span class='ocrx_word' id='word_1_186' title='bbox 551 2637 717 2721; x_wconf 81' lang='grc' dir='ltr'><strong><em>ἀμείβεται</em></strong></span> <span class='ocrx_word' id='word_1_187' title='bbox 730 2638 853 2722; x_wconf 74' lang='grc' dir='ltr'><strong><em>Ξέρξης</em></strong></span> <span class='ocrx_word' id='word_1_188' title='bbox 869 2641 1007 2705; x_wconf 81' lang='grc' dir='ltr'><strong><em>τοιοίδε·</em></strong></span> <span class='ocrx_word' id='word_1_189' title='bbox 1022 2635 1220 2725; x_wconf 79' lang='grc' dir='ltr'><strong><em>Ἀχαίμενες,</em></strong></span> 
     </span>
     <span class='ocr_line' id='line_1_24' title="bbox 219 2741 1221 2831; baseline -0.002 -18"><span class='ocrx_word' id='word_1_190' title='bbox 219 2742 256 2813; x_wconf 84' lang='grc' dir='ltr'><strong><em>εὖ</em></strong></span> <span class='ocrx_word' id='word_1_191' title='bbox 278 2742 383 2828; x_wconf 89' lang='grc' dir='ltr'><strong><em>τέμοι</em></strong></span> <span class='ocrx_word' id='word_1_192' title='bbox 402 2742 526 2821; x_wconf 81' lang='grc' dir='ltr'><strong><em>δοκέεις</em></strong></span> <span class='ocrx_word' id='word_1_193' title='bbox 543 2741 652 2825; x_wconf 92' lang='grc' dir='ltr'><strong><em>λέγειν</em></strong></span> <span class='ocrx_word' id='word_1_194' title='bbox 671 2741 725 2809; x_wconf 84' lang='grc' dir='ltr'><strong><em>καὶ</em></strong></span> <span class='ocrx_word' id='word_1_195' title='bbox 738 2748 864 2828; x_wconf 89' lang='grc' dir='ltr'><strong><em>ποιήσω</em></strong></span> <span class='ocrx_word' id='word_1_196' title='bbox 878 2754 988 2810; x_wconf 78' lang='grc' dir='ltr'><strong><em>ταῦτα</em></strong></span> <span class='ocrx_word' id='word_1_197' title='bbox 1021 2746 1221 2831; x_wconf 88' lang='grc' dir='ltr'><strong><em>Δημάρητος</em></strong></span> 
     </span>
     <span class='ocr_line' id='line_1_25' title="bbox 219 2845 1329 2949; baseline -0.002 -31"><span class='ocrx_word' id='word_1_198' title='bbox 219 2850 256 2919; x_wconf 70' lang='grc' dir='ltr'><strong><em>δὲ</em></strong></span> <span class='ocrx_word' id='word_1_199' title='bbox 274 2851 361 2934; x_wconf 88' lang='grc' dir='ltr'><strong><em>λέγει</em></strong></span> <span class='ocrx_word' id='word_1_200' title='bbox 383 2845 443 2934; x_wconf 72' lang='grc' dir='ltr'><strong><em>μὲν</em></strong></span> <span class='ocrx_word' id='word_1_201' title='bbox 465 2851 506 2914; x_wconf 88' lang='grc' dir='ltr'><strong><em>τά</em></strong></span> <span class='ocrx_word' id='word_1_202' title='bbox 524 2851 640 2935; x_wconf 83' lang='grc' dir='ltr'><strong><em>ἀριστα</em></strong></span> <span class='ocrx_word' id='word_1_203' title='bbox 659 2852 787 2915; x_wconf 81' lang='grc' dir='ltr'><strong><em>ἔλπεται</em></strong></span> <span class='ocrx_word' id='word_1_204' title='bbox 805 2845 891 2915; x_wconf 76' lang='grc' dir='ltr'><strong><em>εἶναι</em></strong></span> <span class='ocrx_word' id='word_1_205' title='bbox 909 2850 992 2934; x_wconf 88' lang='grc' dir='ltr'><strong><em>έμοί,</em></strong></span> <span class='ocrx_word' id='word_1_206' title='bbox 1009 2852 1125 2936; x_wconf 83' lang='grc' dir='ltr'><strong><em>γνώμη</em></strong></span> <span class='ocrx_word' id='word_1_207' title='bbox 1145 2851 1219 2936; x_wconf 87' lang='grc' dir='ltr'><strong><em>μέν·</em></strong></span> <span class='ocrx_word' id='word_1_208' title='bbox 1320 2929 1329 2949; x_wconf 37' lang='grc' dir='ltr'>ι</span> 
     </span>
     <span class='ocr_line' id='line_1_26' title="bbox 218 2955 1221 3047; baseline -0.001 -24"><span class='ocrx_word' id='word_1_209' title='bbox 218 2981 270 3024; x_wconf 87' lang='grc' dir='ltr'><strong><em>τοι</em></strong></span> <span class='ocrx_word' id='word_1_210' title='bbox 294 2956 446 3047; x_wconf 83' lang='grc' dir='ltr'><strong><em>ἑσσοῦται</em></strong></span> <span class='ocrx_word' id='word_1_211' title='bbox 468 2955 532 3020; x_wconf 85' lang='grc' dir='ltr'><strong><em>ὑπὸ</em></strong></span> <span class='ocrx_word' id='word_1_212' title='bbox 557 2964 623 3022; x_wconf 89' lang='grc' dir='ltr'><strong><em>σεῦ.</em></strong></span> <span class='ocrx_word' id='word_1_213' title='bbox 670 2955 795 3040; x_wconf 87' lang='grc' dir='ltr'><strong><em>ούγάρ</em></strong></span> <span class='ocrx_word' id='word_1_214' title='bbox 821 2955 861 3038; x_wconf 89' lang='grc' dir='ltr'><strong><em>δή</em></strong></span> <span class='ocrx_word' id='word_1_215' title='bbox 884 2959 974 3021; x_wconf 80' lang='grc' dir='ltr'><strong><em>κεῖνό</em></strong></span> <span class='ocrx_word' id='word_1_216' title='bbox 991 2979 1030 3039; x_wconf 92' lang='grc' dir='ltr'><strong><em>γε</em></strong></span> <span class='ocrx_word' id='word_1_217' title='bbox 1048 2955 1221 3042; x_wconf 77' lang='grc' dir='ltr'><strong><em>ἐνδέξομαι</em></strong></span> 
     </span>
     <span class='ocr_line' id='line_1_27' title="bbox 220 3059 1221 3146; baseline -0.001 -18"><span class='ocrx_word' id='word_1_218' title='bbox 220 3064 304 3140; x_wconf 85' lang='grc' dir='ltr'><strong><em>ὅκως</em></strong></span> <span class='ocrx_word' id='word_1_219' title='bbox 322 3063 383 3127; x_wconf 88' lang='grc' dir='ltr'><strong><em>οὐκ</em></strong></span> <span class='ocrx_word' id='word_1_220' title='bbox 401 3059 527 3126; x_wconf 88' lang='grc' dir='ltr'><strong><em>εὐνοέει</em></strong></span> <span class='ocrx_word' id='word_1_221' title='bbox 544 3072 629 3127; x_wconf 83' lang='grc' dir='ltr'><strong><em>τοῖσι</em></strong></span> <span class='ocrx_word' id='word_1_222' title='bbox 648 3062 755 3145; x_wconf 78' lang='grc' dir='ltr'><strong><em>έμοῑσι</em></strong></span> <span class='ocrx_word' id='word_1_223' title='bbox 772 3063 949 3146; x_wconf 90' lang='grc' dir='ltr'><strong><em>πρήγμασι,</em></strong></span> <span class='ocrx_word' id='word_1_224' title='bbox 972 3065 1062 3127; x_wconf 71' lang='grc' dir='ltr'><strong><em>τοῖσί</em></strong></span> <span class='ocrx_word' id='word_1_225' title='bbox 1076 3085 1111 3127; x_wconf 91' lang='grc' dir='ltr'><strong><em>τε</em></strong></span> <span class='ocrx_word' id='word_1_226' title='bbox 1129 3067 1221 3146; x_wconf 88' lang='grc' dir='ltr'><strong><em>λεγο-</em></strong></span> 
     </span>
     <span class='ocr_line' id='line_1_28' title="bbox 106 3165 1221 3253; baseline 0.001 -20"><span class='ocrx_word' id='word_1_227' title='bbox 106 3177 112 3190; x_wconf 90' lang='grc'>’</span> <span class='ocrx_word' id='word_1_228' title='bbox 220 3168 349 3251; x_wconf 89' lang='grc' dir='ltr'><strong><em>μένοισι</em></strong></span> <span class='ocrx_word' id='word_1_229' title='bbox 366 3169 529 3253; x_wconf 92' lang='grc' dir='ltr'><strong><em>πρότερον</em></strong></span> <span class='ocrx_word' id='word_1_230' title='bbox 548 3167 583 3232; x_wconf 88' lang='grc' dir='ltr'><strong><em>έκ</em></strong></span> <span class='ocrx_word' id='word_1_231' title='bbox 600 3167 721 3232; x_wconf 90' lang='grc' dir='ltr'><strong><em>τούτου</em></strong></span> <span class='ocrx_word' id='word_1_232' title='bbox 740 3168 976 3252; x_wconf 86' lang='grc' dir='ltr'><strong><em>σταθμώμενος</em></strong></span> <span class='ocrx_word' id='word_1_233' title='bbox 993 3165 1106 3252; x_wconf 75' lang='grc' dir='ltr'><strong><em>καὶτῷ</em></strong></span> <span class='ocrx_word' id='word_1_234' title='bbox 1121 3167 1221 3251; x_wconf 82' lang='grc' dir='ltr'><strong><em>ἐόντι,</em></strong></span> 
     </span>
     <span class='ocr_line' id='line_1_29' title="bbox 220 3267 1222 3357; baseline 0 -18"><span class='ocrx_word' id='word_1_235' title='bbox 220 3275 271 3339; x_wconf 82' lang='grc' dir='ltr'><strong><em>ὅτι</em></strong></span> <span class='ocrx_word' id='word_1_236' title='bbox 298 3275 454 3356; x_wconf 87' lang='grc' dir='ltr'><strong><em>πολιήτης</em></strong></span> <span class='ocrx_word' id='word_1_237' title='bbox 480 3270 541 3357; x_wconf 77' lang='grc' dir='ltr'><strong><em>μέν</em></strong></span> <span class='ocrx_word' id='word_1_238' title='bbox 567 3274 705 3357; x_wconf 80' lang='grc' dir='ltr'><strong><em>πολιήτῃ</em></strong></span> <span class='ocrx_word' id='word_1_239' title='bbox 733 3267 770 3337; x_wconf 85' lang='grc' dir='ltr'><strong><em>εὖ</em></strong></span> <span class='ocrx_word' id='word_1_240' title='bbox 797 3275 979 3356; x_wconf 89' lang='grc' dir='ltr'><strong><em>πρήσσοντι</em></strong></span> <span class='ocrx_word' id='word_1_241' title='bbox 1004 3271 1145 3356; x_wconf 84' lang='grc' dir='ltr'><strong><em>φθονέει</em></strong></span> <span class='ocrx_word' id='word_1_242' title='bbox 1166 3272 1222 3339; x_wconf 79' lang='grc' dir='ltr'><strong><em>καί</em></strong></span> 
     </span>
     <span class='ocr_line' id='line_1_30' title="bbox 222 3375 1223 3462; baseline 0.003 -19"><span class='ocrx_word' id='word_1_243' title='bbox 222 3381 290 3443; x_wconf 82' lang='grc' dir='ltr'><strong><em>ἔστι</em></strong></span> <span class='ocrx_word' id='word_1_244' title='bbox 314 3379 478 3461; x_wconf 89' lang='grc' dir='ltr'><strong><em>δυσμενής</em></strong></span> <span class='ocrx_word' id='word_1_245' title='bbox 499 3386 539 3462; x_wconf 82' lang='grc' dir='ltr'><strong><em>τῃ</em></strong></span> <span class='ocrx_word' id='word_1_246' title='bbox 563 3386 649 3462; x_wconf 75' lang='grc' dir='ltr'><strong><em>σιγή,</em></strong></span> <span class='ocrx_word' id='word_1_247' title='bbox 673 3375 745 3442; x_wconf 87' lang='grc' dir='ltr'><strong><em>οὐδ’</em></strong></span> <span class='ocrx_word' id='word_1_248' title='bbox 772 3375 814 3441; x_wconf 83' lang='grc' dir='ltr'><strong><em>ἀν</em></strong></span> <span class='ocrx_word' id='word_1_249' title='bbox 833 3376 1144 3462; x_wconf 83' lang='grc' dir='ltr'><strong><em>συμβουλευομένου</em></strong></span> <span class='ocrx_word' id='word_1_250' title='bbox 1161 3403 1223 3446; x_wconf 87' lang='grc' dir='ltr'><strong><em>του</em></strong></span> 
     </span>
     <span class='ocr_line' id='line_1_31' title="bbox 221 3480 1224 3565; baseline 0.002 -17"><span class='ocrx_word' id='word_1_251' title='bbox 221 3482 324 3549; x_wconf 87' lang='grc' dir='ltr'><strong><em>ἀστοῦ</em></strong></span> <span class='ocrx_word' id='word_1_252' title='bbox 357 3485 512 3565; x_wconf 89' lang='grc' dir='ltr'><strong><em>πολιήτης</em></strong></span> <span class='ocrx_word' id='word_1_253' title='bbox 544 3482 627 3564; x_wconf 88' lang='grc' dir='ltr'><strong><em>ἀνήρ</em></strong></span> <span class='ocrx_word' id='word_1_254' title='bbox 661 3483 702 3546; x_wconf 81' lang='grc' dir='ltr'><strong><em>τὰ</em></strong></span> <span class='ocrx_word' id='word_1_255' title='bbox 735 3483 851 3561; x_wconf 84' lang='grc' dir='ltr'><strong><em>ἀριστά</em></strong></span> <span class='ocrx_word' id='word_1_256' title='bbox 883 3483 918 3548; x_wconf 84' lang='grc' dir='ltr'><strong><em>ολ</em></strong></span> <span class='ocrx_word' id='word_1_257' title='bbox 947 3482 1105 3548; x_wconf 91' lang='grc' dir='ltr'><strong><em>δοκέοντα</em></strong></span> <span class='ocrx_word' id='word_1_258' title='bbox 1136 3480 1224 3550; x_wconf 76' lang='grc' dir='ltr'><strong><em>εἶναι</em></strong></span> 
     </span>
    </p>
   </div>
   <div class='ocr_carea' id='block_1_4' title="bbox 0 0 1355 3968">
    <p class='ocr_par' dir='ltr' id='par_1_4' title="bbox 0 0 1355 3968">
     <span class='ocr_line' id='line_1_32' title="bbox 0 0 1355 3968; baseline 0 0"><span class='ocrx_word' id='word_1_259' title='bbox 0 0 1355 3968; x_wconf 95' lang='lat' dir='ltr'><strong><em> </em></strong></span> 
     </span>
    </p>
   </div>
  </div>
 </body>
</html>
