2640 3960
208 251 250 316 88
621 245 807 304 HERODOTI

208 419 279 461 νων
302 395 320 460 ὅ
343 417 374 458 τι
398 394 435 459 έν
461 391 529 481 νόω
558 395 682 478 ἔχοιεν,
715 395 832 476 κότερα
860 390 1031 474 πολεμέειν
1058 386 1212 476 ἑωυτῷή

209 502 430 582 παραδιδόναι
454 497 557 584 σφέας
580 499 709 575 αὐτούς.
745 496 899 581 διέπεμπε
922 492 969 562 ὦν
991 499 1136 581 κήρυκας
1158 496 1213 559 άλ-

138 649 143 658 ·
210 611 289 683 λους
320 608 404 692 άλλη
435 604 533 684 τάξας
562 605 625 670 άνά
655 606 716 688 τήν
739 601 895 687 Ἑλλάδα,
926 603 1070 668 κελεύων
1093 600 1214 666 αἰτέειν

210 711 339 796 βασιλέι·
359 721 423 796 γήν
445 735 479 778 τε
501 709 558 777 καί
579 712 680 797 ὕδωρ.
704 712 843 787 τούτους
865 706 926 794 μέν
949 710 990 792 δή
1014 708 1047 786 ές
1068 709 1129 791 τήν
1143 705 1214 773 Ἑλ·
1294 789 1295 794 ¹

209 819 294 884 λάδα
317 821 448 903 ἔπεμπε,
471 820 592 895 ἄλλους
615 814 653 882 δέ
673 819 817 902 κήρυκας
835 815 990 897 διέπεμπε
1007 815 1041 892 ές
1057 816 1115 891 τάς
1134 814 1214 880 ἑωυ·

211 933 272 991 τοῦ
285 927 521 1010 δασμοφόρους
539 926 656 1000 πόλιας
672 925 731 1000 τάς
747 925 1051 1007 παραθαλασσίους,
1069 923 1214 987 κελεύων

155 1044 190 1092 49
209 1030 286 1108 νέας
307 1055 343 1096 τε
366 1033 494 1116 μακράς
516 1028 571 1095 καί
594 1030 767 1113 ίππαγωγδι
789 1033 887 1094 πλοῖα
910 1025 1091 1093 ποιέεσθαι.
1120 1023 1217 1093 οὗτοί

209 1161 244 1202 τε
269 1137 310 1221 δή
334 1137 617 1220 παρεσκευάζοντο
638 1145 741 1200 ταῦτα
763 1133 818 1200 καί
844 1145 931 1200 τοῖσι
957 1135 1076 1217 ήκουσι
1098 1134 1132 1210 ές
1153 1136 1214 1216 τήν
1300 1151 1301 1204 3

206 1239 348 1308 Ἑλλάδα
365 1241 481 1329 κήρυξι
498 1240 615 1308 πολλοὶ
634 1239 695 1326 μὲν
712 1241 919 1326 ἠπειρωτέων
933 1241 1055 1306 ἔδοσαν
1068 1242 1108 1306 τὰ
1122 1245 1214 1324 προί-

211 1365 305 1432 σχετο
329 1348 449 1414 αἰτέων
473 1348 502 1414 δ-
516 1348 663 1433 Πέρσης,
695 1349 813 1424 πάντες
841 1344 877 1412 δέ
899 1357 1059 1429 νησιῶται
1081 1346 1115 1423 ές
1137 1350 1214 1424 τοὺς

211 1454 382 1520 ἀπικοίατο
400 1456 598 1537 αἰτήσοντες.
621 1454 657 1520 οἵ
675 1477 710 1520 τε
733 1455 775 1537 δή
793 1454 887 1518 ἄλλοι
904 1463 1062 1536 νησιῶται
1082 1453 1214 1519 διδοῦσι

210 1570 273 1644 γήν
292 1584 326 1625 τε
348 1559 403 1626 καί
425 1561 517 1644 ὕδωρ
541 1562 674 1648 Δαρείῳ
697 1557 751 1624 καί
775 1561 815 1642 δή
839 1557 892 1624 καί
915 1561 1100 1642 Αίγινήται.
1143 1582 1214 1625 ποι-

210 1669 310 1749 ήσασι
329 1665 369 1732 δέ
385 1683 450 1750 σφι·
468 1675 569 1732 ταῦτα
589 1665 688 1743 ἰθέως
703 1662 876 1748 Ἀθηναῖοι
895 1664 1058 1748 ἐπεκέατο,
1082 1667 1214 1732 δοκέον-

210 1772 263 1849 τές
285 1796 319 1838 τε
343 1771 396 1838 έπί
420 1776 517 1858 σφίσι
539 1775 674 1858 ἔχοντας
701 1774 781 1848 τοὺς
811 1774 991 1854 Αἰγινήτας
1022 1773 1233 1854 δεδωκέναι,Ι

212 1879 256 1955 ὡς
274 1880 340 1964 άμα
360 1887 406 1969 τῷ
422 1879 535 1964 Πέρση
551 1876 602 1944 έπί
616 1877 720 1962 σφέας
733 1879 985 1962 στρατεύωνται,
1008 1875 1063 1942 καὶ
1077 1880 1214 1964 άσμενοι

212 1986 397 2071 προφάσιος
416 1985 629 2068 ἐπελάβοντο,
652 1981 840 2069 φοιτέοντές
862 2007 897 2048 τε
916 1983 949 2060 ές
970 1985 1032 2068 τήν
1055 1987 1215 2072 Σπάρτην
1268 1983 1273 1994 '

210 2094 412 2177 κατηγόρεον
436 2095 529 2173 [τῶν]
553 2088 759 2174 Αἰγινητέων
780 2091 821 2154 τά
842 2091 1053 2172 πεποιήκοιεν
1070 2093 1215 2177 προδόν-

116 2277 118 2282 ,
158 2209 192 2256 50
211 2217 263 2270 τες
276 2199 336 2280 τήν
351 2195 499 2262 Ἑλλάδα.
522 2197 605 2281 πρὸς
622 2197 745 2278 ταύτην
764 2191 801 2260 δέ
819 2196 879 2278 τήν
898 2199 1097 2282 κατηγορίην
1111 2201 1214 2264 Κλεο-

211 2298 312 2384 μένης
340 2302 357 2366 ὁ
383 2300 660 2386 Ἀναξανδρίδεω,
694 2303 848 2383 βασιλεὺς
875 2301 939 2366 έὼν
966 2304 1214 2386 Σπαρτιητέων,

212 2403 306 2488 διέβη
330 2406 363 2481 ές
385 2412 545 2488 Αἰγιναν,
579 2409 781 2490 βουλόμενος
808 2409 985 2490 συλλαβεῖν
1008 2410 1214 2492 Αἰγινητέων

211 2513 289 2586 τοὺς
308 2511 528 2588 αἰτιωτάτους.
557 2511 601 2588 άις
619 2507 657 2576 δέ
675 2512 824 2596 ἐπειρᾶτο
848 2514 1101 2596 συλλαμβάνων,
1120 2517 1216 2581 άλλοι

211 2639 246 2682 τε
270 2617 311 2700 δή
335 2616 485 2700 έγίνοντο
510 2617 598 2705 αὐτῷ
621 2616 767 2694 ἀντίξοοι
790 2628 856 2682 τῶν
879 2619 1097 2702 Αἰγινητέων,
1121 2620 1159 2686 έν
1178 2618 1215 2686 δέ

212 2725 253 2808 δή
276 2722 331 2789 καί
353 2723 456 2809 Κριὸς
479 2723 497 2788 δ
521 2726 732 2806 Πολυκρίτου
754 2723 902 2808 μάλιστα,
926 2724 963 2800 ὃς
985 2725 1047 2790 οὐκ
1069 2729 1133 2810 ἔφη
1157 2727 1216 2792 αύ-
1303 2737 1304 2744 ’

211 2833 269 2896 τὸν
293 2829 415 2895 οὐδένα
438 2828 527 2908 άξειν
550 2833 707 2914 χαίροντα
729 2828 949 2913 Αἰγινητέων·
972 2832 1052 2896 άνευ
1074 2833 1138 2917 γάρ
1158 2857 1216 2918 μιν
1303 2865 1304 2882 ι

213 2935 447 3022 Σπαρτιητέων
464 2945 524 3000 τοῦ
542 2944 659 3001 κοινοῦ
677 2934 801 3000 ποιέειν
819 2944 932 3017 ταῦτα,
952 2933 1007 3000 ὑπ’
1027 2933 1216 3021 Ἀθηναίων

212 3042 472 3125 ἀναγνωσθέντα
499 3044 658 3126 χρήμασι·
699 3042 767 3126 ἅμα
797 3043 861 3126 γάρ
893 3042 934 3106 άν
962 3067 1019 3126 μιν
1045 3051 1090 3132 τςό
1115 3044 1216 3133 ἑτέρῳ

212 3147 342 3230 βασιλέι·
364 3147 506 3213 έλθόντα
530 3147 782 3230 συλλαμβάνειν.
806 3149 896 3230 ἔλεγε
916 3145 1072 3214 δὲταῦτα
1091 3149 1124 3228 έξ
1148 3151 1216 3218 ἐπι-

212 3258 330 3334 στολῆς
352 3263 409 3335 τής
431 3256 643 3338 Δημαρήτου.
667 3251 857 3336 Κλεομένης
884 3250 921 3318 δέ
951 3253 1217 3338 ἀπελαυνόμενος

212 3357 247 3422 ἐκ
265 3365 321 3439 τής
336 3358 475 3440 Αἰγίνης
494 3364 597 3442 εἰρετο
615 3359 674 3423 τὸν
689 3359 796 3442 Κριὸν
815 3359 833 3422 ό
851 3381 882 3422 τι
901 3343 937 3424 όί
952 3365 1001 3443 εἰη
1020 3362 1057 3426 τὸ
1073 3361 1216 3446 οὔνομα·

211 3461 229 3526 δ
254 3461 293 3527 δέ
314 3462 349 3526 οἰ
368 3463 404 3526 τὸ
429 3463 484 3528 έδν
509 3467 642 3546 ἔφρασε.
679 3462 698 3527 δ
729 3459 765 3528 δέ
788 3463 978 3548 Κλεομένης
1003 3467 1086 3547 πρὸς
1112 3468 1217 3532 αὐτὸν
