2678 3968
436 264 503 323 LIB.
518 267 590 323 VIII.
629 265 705 323 cAP.
725 274 812 324 2-7.
1063 268 1127 333 255
1250 297 1252 303 ·

124 411 315 493 Κορίνθιος,
342 423 535 496 στρατηγῶν
567 422 634 477 τῶν
661 416 786 477 λοιπῶν
818 402 957 499 ἤσπαιρε
993 423 1156 499 μοῦνος,
1227 447 1229 452 ’

124 515 272 598 φάμενος
304 514 575 583 ἀποπλεύσεσθαί
598 541 633 583 τε
661 518 723 583 ἀπὸ
752 527 811 583 τοῦ
839 513 1042 603 Ἀρτεμισίου
1073 517 1129 584 καὶ

125 619 166 684 οὐ
189 620 432 710 παραμενέειν),
455 625 537 709 πρὸς
556 625 596 706 δὴ
620 633 739 689 τοῦτον
763 619 832 690 εἷπε
855 624 873 690 ὁ
893 625 1129 709 Θεμιστοκλέης
1206 703 1208 708 ¹
1290 631 1292 636 '

124 725 301 809 ἐπομόσας·
335 728 384 794 Οὐ
413 730 515 812 σύγε
542 728 643 814 ἡμέας
666 729 869 813 ἀπολείψεις,
898 731 971 796 έπεί
989 753 1041 797 τοι
1064 732 1127 815 έγὼ

123 829 206 916 μέζω
231 834 321 918 δῶρα
345 835 441 900 δώσω
465 834 485 918 ἢ
505 837 660 918 βασιλεὺς
678 836 720 900 ἀν
738 835 825 902 τοιδ
844 838 975 920 Μήδων
993 836 1128 921 πέμψειε

123 937 318 1004 ἀπολιπόντι
349 943 428 1017 τοὺς
460 942 660 1026 συμμάχους.
705 943 808 1006 ταύτά
834 965 869 1007 τε
898 943 963 1027 άμα
989 941 1128 1026 ἠγόρευε

122 1041 178 1108 καί
204 1044 322 1130 πέμπει
350 1044 403 1110 ἐπὶ
425 1047 486 1129 τὴν
508 1045 568 1112 νέα
590 1048 652 1130 την
672 1041 885 1131 Ἀδειμάντου
907 1049 1050 1115 τάλαντα
1072 1049 1128 1132 ἀρ-

23 1143 25 1146 ’
122 1153 242 1235 μυρίον
274 1153 357 1236 τρία.
409 1147 504 1217 οὗτοί
531 1176 566 1217 τε
600 1153 640 1236 δὴ
672 1153 849 1236 πληγέντες
881 1153 1018 1240 δώροισι
1051 1155 1128 1220 ἀνα-

123 1255 335 1340 πεπεισμένοι
353 1252 439 1340 ἦσαν
457 1257 513 1323 καί
530 1269 616 1324 τοῖσι
630 1259 797 1343 Εὐβοεῦσι
814 1259 1011 1344 ἐκεχάριστο,
1031 1261 1129 1337 αὐτός

121 1385 157 1427 τε
185 1361 205 1429 δ
228 1363 466 1448 Θεμιστοκλέης
494 1363 664 1450 ἐκέρδηνε,
698 1365 863 1432 ἐλάνθανε
895 1362 932 1432 δδ
962 1369 1002 1432 τά
1030 1369 1129 1433 λοιπά

123 1472 222 1554 έχων,
256 1463 327 1534 ἀλλ’
361 1469 535 1553 ἠπιστέατο
570 1471 605 1535 οί
634 1474 872 1554 μεταλαβόντες
902 1473 1030 1538 τούτων
1061 1484 1129 1538 τῶν

121 1575 297 1660 χρημάτων
320 1574 356 1641 έκ
377 1585 444 1640 τῶν
459 1571 629 1658 Ἀθηνίων
648 1576 760 1642 έλθείν
779 1575 831 1644 έπί
851 1585 895 1666 τῷ
916 1580 1003 1665 λόγῳ
1022 1581 1127 1668 τούτῳ

124 1683 177 1764 [τὰ
199 1682 370 1766 zemma}
1213 1758 1214 1762 ι

212 1788 307 1853 Οὐτω
332 1789 372 1870 δη
391 1787 585 1872 κατέμεινάν
603 1812 638 1854 τε
657 1788 693 1854 έν
711 1797 750 1874 τῇ
770 1789 896 1876 Εὐβοίῃ
915 1789 970 1856 καὶ
989 1791 1128 1876 έναυμά-
1147 1810 1163 1859 6

5 1951 9 1954 ,
121 1911 236 1980 χησαν.
269 1892 397 1978 ἐγένετο
422 1893 458 1960 δὲ
477 1890 555 1960 ὦδε·
579 1895 683 1960 έπείτε
706 1897 747 1978 δη
771 1895 803 1972 ές
821 1898 877 1973 τάς
897 1891 1033 1982 Ἀφετδις
1054 1897 1129 1982 περὶ

14 2023 17 2028 ·
123 2003 237 2084 δείλην
260 2004 389 2084 πρωίην
412 1999 593 2085 γινομένην
616 2000 753 2068 ἀπίκατο
773 2001 809 2066 οί
828 2001 1000 2087 βάρβαροι,
1023 2006 1128 2070 πυθό·

122 2129 217 2191 μενοι
240 2101 300 2190 μέν
322 2109 370 2172 έτι
387 2104 442 2171 καί
460 2108 622 2192 πρότερον
640 2104 714 2192 περὶ
732 2108 769 2172 τὸ
788 2103 991 2192 Ἀρτεμίσιον
1009 2113 1129 2174 ναυλο-
1176 2187 1177 2194 χ

122 2210 211 2297 χέειν
238 2209 316 2288 νέας
338 2209 531 2294 Ἑλληνίδας
558 2212 684 2296 ὀλίγας,
712 2215 785 2278 τότε
813 2209 850 2277 δέ
873 2210 967 2278 αὐτοὶ
991 2215 1128 2298 ίδόντες,

122 2319 293 2402 πρόθυμοι
320 2312 404 2400 ἦσαν
432 2317 636 2402 ἐπιχειρέειν,
668 2324 700 2384 εί
722 2343 787 2395 κως
814 2317 922 2384 ἕλοιεν
949 2318 1056 2397 αὐτάς.
1093 2321 1129 2387 έκ

122 2420 184 2507 μέν
207 2423 248 2508 δη
271 2431 328 2506 τῆς
347 2422 460 2505 ἀντίης
478 2421 675 2508 προσπλέειν
694 2424 735 2488 οὐ
752 2425 799 2490 κά
819 2440 878 2508 σφι
897 2424 1006 2490 ἐδόκεε
1024 2429 1129 2492 τῶνδε

123 2529 247 2610 εἵνεκα,
277 2529 322 2611 μή
348 2551 414 2604 κως
441 2528 567 2604 ίδόντες
595 2529 630 2592 οί
646 2527 802 2612 Ἕλληνες
828 2528 1074 2614 προσπλέοντας
1096 2532 1129 2608 ἐς

123 2635 235 2719 φυγὴν
254 2633 434 2718 ὁρμήσειαν
453 2633 638 2717 φεύγοντάς
655 2656 689 2700 τε
712 2634 859 2719 εὐφρόνη
881 2637 1128 2721 καταλαμβάνῃ·

1 2759 2 2768 ’
121 2738 177 2805 καί
200 2741 337 2824 ἔμελλον
360 2740 467 2823 δῆθεν
490 2738 719 2822 ἐκφεύξεσθαι,
744 2741 812 2806 ἔδει
836 2736 872 2805 δέ
895 2737 978 2823 μηδέ
1000 2745 1129 2826 πυρφό-

122 2869 184 2931 ρον
211 2854 256 2934 τβ
285 2846 421 2912 ἐκείνων
451 2847 539 2931 λόγῳ
563 2844 749 2927 έκφυγόντα
771 2843 1014 2930 περιγενέσθαι.
1046 2849 1162 2932 πρὸςτ

119 2943 223 3018 ταῦτα
247 2949 295 3017 ὧν
317 2951 395 3016 τάδε
419 2951 643 3036 ἐμηχανῶντο·
670 2961 737 3015 τῶν
759 2962 845 3016 νεῶν
873 2950 1026 3017 ἁπασέων
1049 2951 1128 3017 ἀπο-

120 3063 292 3145 κρίναντες
316 3059 487 3141 διηκοσίας
509 3055 729 3142 περιέπεμπον
752 3056 877 3134 έξωθεν
896 3059 1061 3141 Σκιάθου,
1085 3059 1128 3136 ῶς

1 3187 2 3214 ι
121 3162 163 3230 ἀν
195 3166 240 3250 μη
274 3164 462 3250 ὀφθείησαν
494 3162 558 3228 ὐπὸ
590 3173 657 3226 τῶν
692 3165 859 3246 πολεμίων
895 3163 1127 3248 περιπλέουσαι

1 3305 2 3324 ι
120 3271 268 3354 Εὔβοιαν
291 3268 373 3334 κατά
395 3291 429 3334 τε
452 3266 613 3353 Καφηρέα
635 3265 787 3350 καὶπερὶ
810 3269 991 3351 Γεραιστὸν
1014 3269 1047 3346 ές
1068 3271 1128 3335 τὸν

121 3375 284 3459 Εὔριπον,
309 3375 364 3440 ἵνα
388 3375 428 3457 δὴ
451 3373 662 3459 περιλάβοιεν
681 3371 716 3436 οί
735 3368 796 3456 μέν
813 3373 915 3458 ταάτη
936 3373 1128 3458 ἀπικόμενοι

0 3492 1 3505 ’
122 3477 177 3544 καί
197 3479 378 3560 φράξαντες
396 3478 506 3544 αὐτῶν
524 3480 584 3562 τὴν
604 3478 708 3544 ὀπίσω
728 3474 898 3561 φέρουσαν
917 3477 1008 3561 ὀδόν,
1032 3489 1128 3560 σφεῖς
