2678 3968
389 287 542 343 LIB.V111.
576 288 651 344 cAP.
674 295 828 344 ειν-144.
1051 291 1112 354 321

113 430 155 493 τά
177 428 270 513 ἡμεῖς
292 429 463 516 δεξάμενοι
486 430 659 516 ἐθέλοιμεν
683 431 724 496 ἀν
742 435 938 518 μηδίσαντες
956 436 1115 500 καταδου-

115 539 220 599 λῶσαι
250 537 311 620 τὴν
333 533 482 603 Ἑλλάδα.
526 538 631 602 πολλά
661 561 695 603 τε
726 539 788 623 γάρ
815 536 870 603 καὶ
896 541 1019 623 μεγάλα
1046 538 1114 605 ἐστὶ

113 641 155 704 τά
183 642 407 708 διακωλύοντα
433 651 535 708 ταῦτα
557 645 600 728 μὴ
624 642 748 708 ποιέειν
770 641 846 728 μηδ’
872 643 914 726 ἡν
937 645 1114 730 ἐθέλωμεν,

113 756 226 830 πρῶτα
253 743 314 832 μὸν
340 746 395 813 καὶ
422 747 557 832 μέγιστα
585 759 652 813 τῶν
678 755 769 814 θεῶν
795 750 835 812 τά
865 749 1033 834 ἀγάλματα
1058 749 1113 814 καλ

111 853 153 916 τά
176 854 334 937 οίκὴματα
357 853 585 939 έμπεπρημένα
607 878 642 919 τε
667 851 722 918 καὶ
744 854 1005 939 συγκεχωσμένα,
1027 865 1113 920 τοῖσι

111 956 213 1040 ἡμέας
236 958 420 1041 ἀναγκαίως
442 961 508 1043 ἐχει
529 958 700 1044 τιμωρέειν
723 959 756 1036 ές
777 961 817 1023 τά
835 957 969 1042 μέγιστα
987 965 1112 1043 μᾶλλον

112 1064 133 1146 ἡ
156 1085 216 1148 περ
240 1063 432 1147 ὁμολογέειν
454 1073 499 1152 τῷ
523 1074 625 1129 ταῦτα
647 1063 873 1151 ἐργασαμένῳ,
902 1059 993 1140 αὖτις
1016 1060 1052 1128 δὲ
1074 1066 1111 1130 τὸ

107 1165 312 1252 Ἑλληνικόν,
335 1168 391 1234 έὸν
415 1170 555 1254 ὅμαιμόν
577 1193 612 1234 τε
630 1167 685 1235 καὶ
702 1170 926 1254 ὁμόγλωσσον,
949 1167 1003 1234 καὶ
1020 1176 1112 1236 θεῶν

112 1275 275 1360 ἱδρύματά
297 1298 331 1340 τε
354 1277 449 1340 κοινά
471 1273 525 1339 καλ
547 1279 665 1340 θυσίαι
682 1275 768 1358 ἤθεά
785 1299 820 1340 τε
845 1275 1021 1360 ὁμότροπα,
1044 1287 1111 1341 τῶν

110 1382 275 1464 προδότας
300 1379 459 1464 γενέσθαι
483 1377 682 1463 Ἀθηναίους
710 1381 770 1447 οὐκ
797 1379 839 1445 ἀν
861 1375 899 1444 εὑ
922 1383 998 1464 ἔχοι.
1044 1381 1111 1446 έπί-

110 1485 239 1551 στασθέ
257 1509 293 1551 τε
320 1486 422 1569 οὕτω,
450 1487 480 1550 εί
505 1487 549 1570 μὴ
576 1489 737 1571 πρότερον
764 1485 955 1570 ἐτυγχάνετε
982 1486 1111 1552 ἐπιστά-

109 1615 216 1675 μενοι,
240 1586 305 1656 ἐστ’
331 1590 372 1655 ἀν
395 1589 449 1655 καὶ
472 1583 519 1667 εἷς
540 1601 635 1676 περιῇ
654 1590 855 1676 Ἀθηναίων,
878 1593 1011 1676 μηδαμά
1033 1591 1110 1678 ὁμο-

109 1699 312 1780 λογὴσοντας
333 1695 434 1780 ἡμέας
456 1695 569 1782 Ξέρξη.
609 1696 719 1780 ὑμέων
741 1697 854 1781 μέντοι
876 1697 1026 1782 ἀγάμεθα
1048 1699 1109 1781 τὴν

108 1806 271 1886 προνοίην
293 1804 354 1886 τὴν
377 1803 409 1879 ἐς
431 1801 531 1886 ἡμέας
554 1804 709 1886 ἔχουσαν,
737 1803 788 1867 ὁτι
809 1803 977 1888 προείδετε
1000 1803 1109 1888 ἡμέων

108 1906 407 1992 οἰκοφθορημένων
434 1907 520 1971 οὑτω
544 1908 625 1972 ὥστε
649 1906 826 1992 ἐπιθρέψαι
848 1905 977 1972 ἐθέλειν
998 1908 1109 1992 ἡμέων

108 2015 187 2088 τοὺς
217 2011 351 2089 οίκέτας.
396 2010 450 2076 καὶ
481 2012 560 2096 ὑμῖν
590 2010 651 2098 μέν
682 2012 703 2096 ἡ
730 2013 824 2098 χάρις
854 2012 1107 2099 ἐκπεπλήρωται,

107 2120 201 2204 ἡμεῖς
218 2116 330 2201 μέντοι
348 2120 571 2204 λιπαρήσομεν
590 2119 676 2184 οὑτω
695 2119 779 2195 ὅκως
798 2117 988 2202 ἀνέχωμεν,
1007 2117 1107 2184 οὐδὲν

108 2223 284 2300 λυπέοντες
305 2222 414 2308 ὑμέας.
449 2232 513 2288 νῦν
537 2221 584 2306 δέ,
607 2225 651 2299 ὑς
674 2224 760 2288 οὑτω
779 2223 932 2307 ἐχόντων,
951 2226 1107 2308 στρατιὴν

108 2332 153 2406 ὡς
178 2330 311 2414 τάχιστα
338 2327 520 2413 ἐκπέμπετε.
566 2330 610 2405 ὡς
635 2331 698 2414 γάρ
721 2329 813 2414 ἡμεῖς
835 2331 1016 2413 εἰκάζομεν,
1045 2331 1106 2396 οὑκ

108 2435 183 2510 έκάς
199 2438 323 2521 χρόνου
341 2433 497 2525 παρέσται
516 2433 534 2500 ὁ
552 2436 717 2520 βάρβαρος
736 2435 883 2519 ἐσβαλὼν
901 2435 934 2512 ές
951 2435 1012 2519 τὴν
1030 2435 1091 2520 ἡμε

106 2540 220 2625 πέρην,
248 2538 318 2605 ἀλλ’
349 2541 447 2606 ἐπεάν
469 2541 602 2624 τάχιστα
624 2542 772 2625 πύθηται
793 2543 854 2625 τὴν
876 2541 1031 2625 ἀγγελίην
1054 2543 1106 2607 ότι

107 2643 208 2712 οὐδὲν
229 2649 410 2731 ποιήσομεν
431 2657 498 2710 τῶν
516 2645 640 2722 ἐκεῖνος
657 2646 766 2730 ἡμέων
784 2646 988 2733 προσεδέετο.
1024 2645 1105 2733 πρὶν

107 2749 155 2818 ὧν
186 2763 338 2837 παρεῖναι
367 2751 493 2817 ἐκείνου
523 2751 555 2828 ἐς
583 2753 644 2834 τὴν
667 2749 829 2836 Ἀττικήν,
861 2752 961 2838 ἡμέας
991 2756 1105 2838 καιρός

105 2859 175 2924 ἐστι
206 2860 437 2943 προβοηθῆσαι
473 2856 505 2933 ἐς
536 2858 597 2940 τὴν
625 2861 797 2940 Βοιωτίην.
847 2858 883 2922 οί
911 2853 971 2942 μέν
1001 2867 1103 2924 ταῦτα

105 2960 377 3050 ὑποκριναμένων
396 2958 583 3046 Ἀθηναίων
610 2961 857 3028 ἀπαλλάσσοντο
881 2962 914 3039 ἐς
935 2963 1105 3049 Σπάρτην.

499 3227 707 3238 a—-n-n--n-——n
