2640 3960
416 295 545 351 LIB.V1.
582 297 658 351 CAP.
678 304 799 351 21-25.
1071 297 1112 359 Π

104 439 250 520 Σκύθην
280 437 340 522 μὲν
367 441 426 505 τὸν
449 442 638 524 μούναρχον
660 453 727 506 τῶν
750 446 944 525 Ζαγκλαίων
968 442 1012 518 ὡς
1034 441 1113 506 ἀπο-

105 547 251 628 βαλόντα
283 547 344 629 τὴν
374 549 472 611 πόλιν
505 547 524 611 ὁ
550 544 765 632 Ἱπποκράτης
796 533 952 631 πεδήσας’
971 545 1025 612 καὶ
1054 549 1114 612 τὸν

106 650 271 734 ἀδελφέὸν
294 651 398 717 αὐτοῦ
416 652 615 736 Πυθογένεα
634 653 667 729 ές
680 653 796 718 Ἴνυκα
814 656 912 719 πόλιν
935 651 1113 738 ἀπέπεμψε,

106 759 185 832 τοὺς
217 753 254 821 δέ
281 760 418 834 λοιποὺς
446 762 653 841 Ζαγκλαίους
682 759 1002 842 κοινολογησάμενος
1028 769 1115 823 τοῖσι

107 865 265 946 Σαμίοισι
297 861 351 928 καὶ
384 865 504 948 ὅρκους
536 866 616 941 δοὺς
649 863 705 930 καί
737 864 912 949 δεξάμενος
938 863 1114 950 προέδωκε.

11 955 14 981 ²
107 969 229 1050 μισθὸς
253 967 292 1032 δέ
313 969 349 1034 οί
367 965 409 1052 ἦν
428 968 601 1055 εἰρημένος
619 971 675 1036 ὅδε
693 971 758 1036 ὑπὸ
776 982 844 1036 τῶν
862 975 1011 1055 Σαμίων,
1034 971 1115 1035 πάν-

106 1095 175 1138 των
206 1083 274 1138 τῶν
302 1073 447 1140 ἐπίπλων
474 1075 529 1140 καὶ
559 1075 781 1161 ἀνδραπόδων
808 1077 848 1140 τά
874 1077 992 1160 ἡμίσεα
1020 1098 1116 1161 μετα·

107 1183 222 1262 λαβεῖν
249 1189 315 1244 τῶν
335 1179 381 1245 έν
407 1188 447 1264 τῇ
469 1183 561 1262 πόλι,
589 1178 683 1246 τάδ’
711 1179 852 1246 ἐπὶτῶν
876 1181 987 1266 ἀγρῶν
1009 1182 1116 1246 πάντα

104 1281 318 1370 Ἱπποκράτεα
354 1286 539 1370 λαγχάνειν.
586 1289 663 1362 τοὺς
699 1283 760 1370 μὲν
797 1288 840 1371 δή
874 1292 1018 1364 πλεῦνας
1049 1299 1116 1352 τῶν

12 1418 17 1449 ι
109 1393 306 1472 Ζαγκλαίων
338 1391 437 1468 αὐτὸς
468 1391 505 1456 έν
536 1391 758 1476 ἀνδραπόδων
786 1395 873 1480 λόγῳ
907 1389 972 1477 εἶχε
1002 1395 1115 1477 δήσας,

12 1486 16 1517 ²
107 1501 186 1574 τοὺς
216 1495 254 1564 δὲ
284 1501 491 1582 κορυφαίους
523 1497 632 1563 αὐτῶν
662 1503 874 1584 τριηκοσίους
901 1501 1003 1565 έδωκε
1029 1511 1116 1564 τοῖσι

12 1599 13 1648 ἶ
108 1605 268 1687 Σαμίοισι
286 1602 499 1687 κατασφάξαι.
536 1605 578 1670 ού
596 1603 709 1688 μέντοι
723 1606 758 1670 οἳ
768 1629 806 1688 γε
820 1606 943 1688 Σάμιοι
957 1605 1115 1688 ἐποίησαν

107 1719 219 1775 ταῦτα.
256 1710 396 1792 Σκύθης
415 1706 451 1774 δὲ
470 1708 487 1774 ὁ
506 1720 573 1774 τῶν
589 1715 783 1793 Ζαγκλαίων
801 1713 988 1796 μούναρχος
1007 1709 1042 1775 ἐκ
1058 1720 1117 1792 τῆς
1133 1724 1171 1776 ‘24
1183 1768 1198 1787 ,

107 1813 241 1891 Ἴνυκος
264 1815 471 1899 ἐκδιδρήσκει
494 1815 527 1892 ές
540 1812 682 1901 Ἱμέρην,
706 1816 741 1882 ἐκ
765 1813 801 1882 δέ
818 1818 939 1900 ταύτης
956 1827 1065 1900 παρῆν
1083 1817 1116 1892 ές

107 1921 169 2004 τήν
189 1919 302 2004 Ἀσίην
324 1919 379 1986 καὶ
402 1919 504 2003 ἀνέβη
527 1923 615 2006 παρά
638 1921 775 2003 βασιλέα
793 1928 949 2008 Δαρείου.
985 1925 1044 1986 καί
1058 1945 1116 2005 μιν

108 2026 242 2110 ἐνόμισε
261 2033 414 2112 ’Δαρεῖος
444 2027 578 2091 πάντων
609 2027 742 2112 ἀνδρῶν
775 2029 982 2092 δικαιότατον
1019 2023 1114 2098 εἶναι,

108 2131 183 2198 ὅσοι
205 2132 241 2198 έκ
263 2141 320 2216 τῆς
338 2130 495 2209 Ἑλλάδος
518 2127 608 2218 παρ”
621 2131 745 2198 ἑωυτὸν
768 2131 948 2216 ἀνέβησαν·
974 2130 1030 2197 καλ
1052 2135 1115 2217 γάρ

107 2238 395 2324 παραιτησάμενος
418 2235 554 2320 βασιλέα
573 2237 606 2314 ές
623 2241 781 2321 Σικελίην
800 2238 931 2304 ἀπίκετο
950 2237 1004 2304 καὶ
1024 2235 1116 2320 αὖτις

108 2343 145 2410 έκ
167 2336 224 2427 τῆς
242 2347 397 2427 Σικελίης
420 2343 525 2408 ὀπίσω
546 2345 634 2430 παρὰ
657 2343 803 2428 βασιλέα,
827 2345 860 2421 ές
879 2343 897 2410 δ
915 2347 1017 2429 γήραϊ
1033 2345 1116 2430 μέγα

108 2451 222 2532 ὄλβιος
249 2450 313 2515 έὼν
336 2449 524 2533 ἐτελεύτησε
547 2451 583 2516 έν
606 2450 764 2537 Πέρσησι.
809 2451 933 2536 Σάμιοι
956 2448 992 2516 δὲ
1015 2451 1115 2516 ἀκαλ-

108 2553 288 2640 λαχθέντες
315 2557 445 2639 Μήδων
473 2554 611 2638 ἀπονητὶ
637 2559 735 2622 πόλιν
762 2560 939 2640 καλλίστην
963 2559 1116 2640 Ζάγκλην

108 2659 367 2746 περιεβεβλέατο.
409 2662 488 2744 μετά
512 2657 548 2725 δὲ
570 2662 631 2744 τήν
653 2665 839 2746 ναυμαχίην
861 2664 923 2745 τήν
945 2659 1027 2746 ὑπὲρ
1048 2666 1115 2726 Μι-
1132 2674 1170 2731 25

108 2767 212 2848 λήτου
234 2765 417 2849 γενομένην
441 2768 593 2842 Φοίνικες
615 2767 842 2832 κελευσάντων
860 2765 1019 2850 Περσέων
1041 2787 1115 2831 κατ-

107 2880 194 2955 ῆγον
217 2871 251 2948 ἐς
272 2872 389 2954 Σάμου
407 2871 531 2936 Αἰάκεα
553 2873 612 2936 τὸν
630 2877 849 2948 Συλοσῶντος
871 2872 915 2947 ὡς
937 2875 1064 2935 πολλοῦ
1078 2892 1116 2938 τε

108 2976 205 3055 ἀξιον
236 2978 417 3059 γενόμενον
450 2980 545 3060 σφίσι
576 2975 630 3041 καὶ
660 2977 784 3060 μεγάλα
815 2975 1114 3060 κατεργασάμενον·

108 3083 165 3148 καὶ
187 3085 345 3166 Σαμίοισι
373 3083 527 3166 μούνοισι
553 3093 620 3146 τῶν
648 3082 861 3146 ἀποστάντων
884 3081 947 3144 ἀπὸ
964 3085 1115 3165 Δαρείου

111 3191 166 3256 διά
189 3192 251 3273 τήν
275 3191 421 3266 ἔκλειψιν
443 3199 510 3252 τῶν
533 3199 620 3252 νεῶν
641 3189 702 3270 τήν
725 3187 762 3252 έν
784 3195 823 3270 τῇ
846 3191 1011 3272 ναυμαχίῃ
1038 3188 1115 3254 ούτε

109 3295 130 3378 ἡ
152 3297 249 3370 πόλις
272 3293 348 3359 ούτε
369 3294 410 3358 τά
433 3294 489 3378 ίρά
511 3293 709 3378 ἐνεπρήσθη.
745 3294 898 3374 Μιλήτου
918 3289 954 3358 δέ
973 3293 1117 3378 ἀλούσης

110 3401 227 3466 αὐτίκα
242 3401 372 3484 Καρίην
391 3401 489 3483 ἔσχον
508 3400 543 3464 οί
554 3397 693 3482 Πέρσαι,
711 3399 768 3474 τάς
781 3395 841 3482 μέν
856 3397 1035 3484 ἐθελοντήν
1048 3409 1116 3465 των

110 3510 236 3574 πολίων
258 3504 486 3586 ὑποκυψάσας,
509 3506 567 3582 τὰς
590 3501 628 3570 δέ
650 3503 773 3590 ἀνάγκη
797 3506 1057 3590 προσηγάγοντο.
