2640 3960
216 240 258 302 70
627 237 813 294 HERODOTI

214 383 391 448 ἐτάσσοντο
422 380 477 448 καὶ
509 381 687 465 Φωκαιέες,
719 379 912 466 Ἐρυθραῖοι
943 379 1004 466 μὲν
1031 382 1114 447 ὀκτὼ
1142 382 1223 459 νέας

214 491 441 574 παρεχόμενοι,
467 488 629 566 Φωκαιέες
652 485 689 553 δέ
706 499 808 573 τρεῖς·
834 486 1011 552 Φωκαιέων
1035 485 1072 553 δὲ
1090 494 1220 571 είχοντο

215 592 353 677 Λέσβιοι
380 593 479 680 νηυσὶ
507 594 743 680 ἑβδομήκοντα·
770 599 950 658 τελευταῖοι
978 590 1015 658 δὲ
1041 593 1220 658 ἐτάσσοντο

216 701 344 784 ἔχοντες
366 701 403 766 τὸ
422 702 504 787 πρὸς
523 699 663 785 ἑσπέρην
681 698 778 784 κέρας
796 700 919 782 Σάμιοι
937 697 1093 780 ἑξήκοντα
1109 703 1221 782 νηυσί.

215 807 349 871 πάντων
380 805 416 872 δὲ
448 808 575 872 τούτων
603 806 620 872 ὁ
649 807 777 890 σύμπας
808 804 950 888 ἀριθμὸς
977 804 1105 886 ἐγένετο
1131 815 1222 889 τρεῖς

182 909 268 979 οκαλ
299 913 501 995 πεντήκοντα
532 909 587 977 καὶ
618 915 802 996 τριηκόσιαι
832 912 987 995 τριήρεες.
1032 906 1129 976 αὗται
1157 907 1221 994 μὲν

211 1011 334 1082 Ἰώνων
355 1013 456 1101 ήσαν,
484 1027 550 1082 τῶν
574 1014 610 1083 δέ
632 1019 809 1102 βαρβάρων
831 1018 868 1081 τὸ
891 1021 1019 1098 πλῆθος
1041 1027 1108 1081 τῶν
1131 1028 1221 1082 νεῶν

214 1119 300 1205 ήσαν
328 1122 500 1200 ἑξακόσιαι.
546 1124 590 1199 ὡς
619 1120 655 1188 δὲ
681 1121 735 1188 καλ
762 1117 858 1188 αὗται
886 1121 1023 1187 ἀπίκατο
1049 1123 1132 1206 πρὸς
1156 1123 1221 1205 τήν

214 1231 386 1312 Μιλησίην
417 1226 471 1294 καλ
498 1228 516 1293 ὁ
539 1232 633 1308 πεζός
660 1246 722 1313 σφι
748 1229 832 1305 ἀπας
858 1236 981 1310 παρῆν,
1012 1226 1158 1292 ἐνθαῦτα
1188 1230 1224 1292 οἱ

214 1333 374 1419 Περσέων
400 1333 575 1418 στρατηγοὶ
597 1337 782 1418 πυθόμενοι
804 1334 842 1399 τὸ
864 1339 993 1416 πλῆθος
1014 1343 1081 1397 τῶν
1101 1331 1221 1398 Ἰάδων

213 1451 301 1506 νεῶν
318 1441 577 1524 καταρρώδησαν
595 1441 638 1524 μή
658 1441 699 1506 οὐ
718 1437 853 1505 δυνατοὶ
866 1439 1027 1522 γένωνται
1040 1438 1222 1523 ὑπερβαλέ-

215 1552 307 1630 σθαι,
329 1544 384 1610 καλ
407 1547 494 1612 ούτω
517 1547 592 1612 ούτε
613 1547 674 1629 τήν
692 1548 845 1627 Μίλητον
864 1538 982 1610 οἷοίτε
1001 1547 1079 1609 ἔωσι
1097 1544 1221 1622 ἐξελεῖν

214 1654 258 1736 μή
286 1652 346 1718 οὐκ
374 1651 482 1729 ἐόντες
504 1652 739 1737 ναυκράτορες,
768 1653 851 1735 πρός
876 1674 911 1716 τε
934 1654 1081 1735 Δαρείου
1104 1653 1220 1718 κινδυ-

213 1759 358 1824 νεύσωσι
388 1760 489 1822 κακόν
520 1781 553 1822 τι
584 1761 706 1841 λαβεῖν.
751 1765 853 1821 ταῦτα
885 1757 1109 1841 ἐπιλεγόμενοι
1142 1765 1220 1823 συλ-

214 1862 452 1942 λέξαντεςτῶν
471 1861 594 1930 Ἰώνων
616 1867 694 1940 τοὺς
716 1863 914 1947 τυράννους,
939 1865 974 1927 οἳ
993 1859 1049 1926 ὑπ’
1072 1861 1221 1948 Ἀριστα·

213 1973 320 2056 γόρεω
352 1966 412 2055 μὲν
443 1979 503 2035 τοῦ
530 1973 700 2053 Μιλησίου
731 1967 970 2046 καταλυθέντες
996 1980 1064 2033 τῶν
1092 1971 1221 2055 ἀρχέων

215 2081 359 2162 ἔφευγον
386 2076 419 2153 ές
441 2078 597 2160 Μήδους,
630 2075 811 2160 ἐτύγχανον
839 2071 875 2140 δέ
902 2077 974 2138 τότε
1002 2081 1220 2159 συστρατευό-

215 2204 309 2266 μενοι
341 2179 393 2247 ἐπὶ
424 2182 485 2264 τήν
514 2184 682 2263 Μίλητον,
715 2181 842 2244 τούτων
873 2190 939 2243 τῶν
972 2179 1106 2265 ἀνδρῶν
1142 2187 1221 2261 τοὺς
1307 2173 1308 2178 ¹

214 2288 396 2370 παρεόντας
431 2284 691 2368 συγκαλέσαντες
722 2286 835 2366 ἐλεγόν
868 2301 929 2368 σφι
960 2286 1053 2350 τάδε·
1079 2285 1222 2374 Ἄνδρες

214 2390 339 2472 Ἴωνες,
365 2399 430 2455 νῦν
451 2413 501 2467 τις
527 2388 638 2473 ὑμέων
666 2383 704 2453 εὖ
725 2390 864 2472 ποιήσας
886 2393 1022 2474 φανήτω
1045 2392 1105 2456 τὸν
1127 2397 1221 2476 βασι·
1306 2387 1307 2401 ’

215 2494 289 2572 λέος
311 2490 418 2560 οἶκον·
441 2497 519 2572 τοὺς
540 2497 603 2579 γὰρ
627 2494 753 2560 ἑωυτοῦ
775 2495 909 2574 ἕκαστος
932 2496 1042 2580 ὑμέων
1063 2502 1222 2582 πολιήτας

214 2601 384 2687 πειράσθω
404 2601 586 2685 ἀποσχίζων
605 2600 667 2665 ἀπὸ
681 2608 741 2666 τοῦ
756 2606 873 2667 λοιποῦ
889 2612 1104 2687 συμμαχικοῦ.
1126 2621 1221 2690 προϊ-
1305 2587 1306 2623 ⁴

214 2690 369 2794 σχόμενοι
392 2703 429 2772 δέ
451 2705 689 2791 ἐπαγγείλασθε
711 2707 798 2790 τάδε,
822 2708 866 2784 ὡς
883 2711 1056 2773 πείσονταί
1069 2732 1104 2774 τε
1123 2712 1221 2796 ἀχαρι
1303 2725 1305 2846 ρ

215 2811 315 2881 οὐδὲν
338 2815 394 2878 διά
415 2813 476 2898 τήν
500 2813 695 2896 ἀπόστασιν,
720 2811 801 2878 οὐδέ
821 2830 882 2896 σφι
905 2813 980 2879 οὔτε
1002 2816 1042 2879 τὰ
1066 2817 1121 2900 ίρά
1144 2817 1221 2884 οὔτε
1303 2873 1304 2898 ,

213 2923 254 2986 τά
277 2922 345 2988 ἴδια
368 2919 616 3005 ἐμπεπρήσεται,
640 2915 719 2984 οὐδὲ
742 2918 983 3049 βιαιότερονξ
951 2944 966 2984 ε
986 2936 1060 2984 ουσι
1079 2919 1304 3006 οὐδευή

214 3028 375 3156 πρότερον
398 3020 502 3110 είχον
530 3027 561 3091 εί
583 3022 743 3101 δὲταῦτα
766 3021 826 3108 μὲν
849 3025 890 3090 ού
912 3027 1103 3110 ποιήσουσι,
1128 3029 1164 3092 οι
1184 3025 1220 3094 δέ

213 3131 343 3207 πάντως
374 3132 429 3196 διά
456 3130 559 3215 μάχης
586 3129 791 3212 ἐλεύσονται,
822 3130 899 3194 τάδε
925 3131 990 3214 ήδη
1018 3148 1080 3214 σφι
1110 3131 1220 3217 λέγετε
1300 3085 1303 3292 ή

215 3233 454 3320 ἐπηρεάζοντες,
478 3235 517 3299 τά
539 3256 599 3320 περ
618 3233 722 3317 σφέας
739 3233 914 3318 κατέξει,
897 3259 941 3312 ως
959 3235 1164 3315 ἑσσωθέντες
1180 3246 1219 3323 τῇ

214 3340 299 3426 μάχη
332 3339 666 3426 ἐξανδραποδιεῦνται
695 3337 750 3404 καὶ
777 3341 821 3416 ὥς
852 3357 965 3424 σφεων
991 3343 1069 3418 τοὺς
1100 3346 1220 3420 παῖδας

215 3445 364 3530 ἐκτομίας
386 3446 576 3530 ποιήσομεν,
599 3446 657 3522 τάς
675 3440 712 3510 δέ
729 3444 920 3530 παρθένους
938 3445 1170 3542 ἀνασπάστους
1187 3449 1219 3526 ές
