2678 3970
172 301 237 366 156
584 302 771 360 HERODOTI

171 446 320 529 χρήματα
342 445 466 529 μεγάλα
489 445 710 532 ἐπαγγέλλεαι.
745 447 799 515 σοὶ
822 444 870 514 ὧν
891 447 954 531 ἐγὼ
973 445 1047 513 ἀντὶ
1066 447 1175 514 αὐτῶν

171 547 270 635 γέρεα
292 551 405 616 τοιάδε
428 553 560 638 δίδωμι·
593 553 702 632 ξεῖνόν
724 553 762 622 τέ
782 570 819 620 σε
842 563 996 639 ποιεῦμαι
1019 553 1098 638 ἐμὸν
1120 551 1175 618 καὶ

171 656 229 731 τὰς
245 661 456 744 τετρακοσίας
472 660 634 746 μυριάδας
653 683 706 725 τοι
723 670 790 726 τῶν
809 660 979 746 στατήρων
997 659 1175 743 ἀποπλήσω

171 759 251 847 παρ’
283 762 450 848 ἐμεωυτοῦ
478 767 558 843 δοὺς
584 766 641 843 τδις
668 764 747 832 έπτά
774 766 937 852 χιλιάδας,
967 765 1023 831 ἵνα
1052 768 1097 849 μή
1123 789 1176 831 τοι

172 867 315 947 ἐπιδεέες
338 873 417 936 ἔωσι
440 871 477 936 αί
495 875 701 958 τετρακόσιαι
724 873 881 959 μυριάδες
904 871 983 938 ἑπτά
1005 871 1186 960 χιλιάδων,
1321 896 1323 950 j

172 974 255 1040 άλλδ
272 967 294 1061 ᾖ
312 999 364 1042 τοι
382 976 598 1062 ἀπαρτιλογίη
616 973 673 1043 ὑπ’
690 977 765 1064 έμέο
779 975 1026 1063 πεπληρωμένη.
1059 979 1175 1061 ἔκτησό
1322 959 1323 988 ¹

171 1103 206 1146 τε
230 1081 328 1159 αύτὸς
350 1081 390 1147 τά
407 1103 468 1168 περ
492 1082 591 1160 αὐτὸς
609 1083 756 1167 ἐκτήσαο,
781 1083 936 1150 ἐπίστασό
954 1107 989 1150 τε
1007 1077 1093 1149 εἶναι
1111 1079 1175 1147 αίεὶ

171 1193 334 1264 τοιοῦτος·
353 1187 394 1254 ού
412 1189 475 1275 γάρ
493 1211 546 1255 τοι
563 1197 665 1255 ταῦτα
683 1198 832 1256 ποιεῦντι
850 1189 926 1256 ούτε
944 1189 978 1267 ἐς
994 1189 1032 1254 τὸ
1050 1190 1175 1270 παρεὸν

173 1293 249 1358 οὔτε
272 1293 305 1369 ἐς
327 1297 451 1380 χρόνον
473 1297 693 1380 μεταμελήσει.

118 1419 153 1468 80
264 1403 374 1466 Ταῦτα
402 1398 439 1466 δέ
466 1407 558 1478 είπας
584 1399 640 1465 καὶ
667 1399 813 1468 ἐπιτελέα
839 1403 979 1484 ποιήσας
1001 1399 1174 1484 ἐπορεύετο

172 1504 237 1571 αίεδ
259 1507 297 1571 τὸ
320 1508 443 1591 πρόσω.
478 1505 607 1572 ’Λναυα
625 1503 662 1572 δέ
684 1504 888 1591 καλεομένην
911 1511 1054 1592 Φρυγῶν
1076 1507 1174 1572 πόλιν

171 1613 455 1697 παραμειβόμενος
476 1610 532 1677 καὶ
554 1614 675 1697 λίμνην
698 1611 734 1678 ἐκ
755 1621 812 1697 τῆς
834 1612 910 1688 ἅλες
931 1614 1091 1695 γίνονται,
1115 1609 1174 1676 ἀτ-

173 1720 260 1783 ίκετο
295 1717 328 1794 ἐς
358 1718 531 1794 Κολοσσάς
561 1720 658 1783 πόλιν
690 1716 835 1802 μεγάλην
869 1719 1030 1802 Φρυγίης·
1067 1716 1104 1782 έν
1134 1723 1175 1801 τῇ

172 1824 284 1900 Λύκος
315 1823 460 1906 ποταμὸς
491 1822 525 1900 ἐς
551 1823 658 1907 χάσμα
684 1831 744 1907 γής
771 1821 941 1905 ἐσβάλλων
968 1820 1174 1906 ἀφανίζεται·

172 1932 282 1995 ἔπειτα
310 1929 365 1994 διδ
392 1929 536 1996 σταδίων
563 1929 608 2007 ῶς
634 1926 731 1994 πέντε
758 1928 896 2013 μάλιστά
922 1951 963 2013 κη
992 1927 1173 2012 ἀναφαινό-
1263 1927 1273 1954 “
1324 1917 1328 1940 ⁴

171 2058 271 2120 μενος
302 2035 431 2102 ἐκδιδοῖ
455 2034 511 2101 καὶ
543 2031 640 2114 οὗτος
671 2036 704 2114 ἐς
731 2036 792 2101 τὸν
818 2035 1027 2119 Μαίανδρον.
1071 2032 1109 2101 ἐκ
1138 2031 1175 2099 δὲ

171 2140 373 2206 Κολοσσέων
396 2140 414 2207 ὁ
437 2142 575 2227 στρατὸς
593 2141 784 2226 ὁρμώμενος
801 2139 854 2207 ἐπὶ
871 2142 950 2218 τοὺς
967 2139 1089 2226 οὔρους
1106 2151 1174 2204 τῶν

174 2251 318 2331 Φρυγῶν
340 2245 395 2311 καὶ
418 2249 542 2313 Λυδῶν
565 2247 696 2312 ἀπίκετο
719 2246 753 2324 ἐς
774 2249 935 2333 Κύδραρα
957 2248 1065 2330 πόλιν,
1089 2247 1175 2312 ἔνθα

172 2351 275 2433 στήλη
297 2363 554 2435 καταπεπηγυῖα,
578 2358 738 2417 σταθεῖσα
756 2349 794 2418 δέ
811 2352 875 2418 ὑπὸ
894 2355 1054 2436 Κροίσου,
1076 2374 1174 2416 κατα-

118 2474 152 2524 31
172 2455 291 2541 μηνύει
323 2457 379 2521 διὰ
408 2457 608 2542 γραμμάτων
638 2460 716 2535 τοὺς
744 2458 873 2546 οὔρους.
918 2459 963 2536 ὡς
991 2455 1027 2524 δέ
1055 2457 1090 2524 ἐκ
1116 2466 1175 2541 τῆς

175 2562 324 2646 Φρυγίης
347 2558 481 2645 ἐσέβαλε
504 2563 537 2639 ἐς
559 2564 620 2647 τήν
637 2566 780 2648 Λυδίην,
804 2562 994 2650 σχιζομένης
1015 2572 1072 2648 τῆς
1091 2561 1175 2628 ὁδοῦ

171 2665 227 2733 καί
253 2675 311 2751 τής
336 2664 398 2752 μὲν
425 2666 459 2745 ἐς
485 2667 661 2754 ἀριστερὴν
684 2668 737 2736 ἐπὶ
760 2674 886 2754 Καρίης
909 2669 1089 2755 φερούσης,
1116 2679 1174 2752 τῆς

172 2771 210 2839 δὲ
234 2774 266 2851 ἐς
289 2772 400 2858 δεξιήν
423 2773 456 2851 ἐς
479 2773 619 2859 Σάρδις,
644 2785 684 2860 τῇ
706 2775 761 2841 καὶ
783 2773 994 2862 πορευομένῳ
1018 2776 1174 2858 διαβῆναι

171 2881 231 2947 τὸν
245 2881 445 2966 Μαίανδρον
463 2881 611 2964 ποταμὸν
629 2891 717 2946 πᾶσα
735 2881 860 2965 ἀνάγκη
879 2884 1005 2964 γίνεται
1018 2877 1072 2944 καὶ
1087 2878 1173 2944 ίέναι

171 2988 260 3071 παρὰ
273 2987 491 3070 Καλλάτηβον
509 2989 617 3069 πόλιν,
641 2987 678 3052 έν
696 2996 735 3072 τῇ
754 2988 872 3073 ἀνδρες
891 2982 1081 3071 δημιοεργοὶ
1099 2982 1173 3068 μέλι

171 3089 208 3155 ἐκ
226 3096 365 3176 μυρίκης
383 3116 417 3157 τε
435 3089 490 3157 καί
508 3099 618 3178 πυροῦ
635 3100 775 3174 ποιεῦσι,
793 3093 916 3174 ταύτην
935 3091 995 3156 ίὼν
1014 3090 1031 3155 ὁ
1049 3089 1174 3175 Ξέρξης

171 3197 233 3280 τὴν
257 3195 337 3262 ὁδὸν
360 3193 436 3284 εὗρε
454 3197 684 3279 πλατάνιστον,
708 3198 768 3280 τήν
786 3197 921 3273 κάλλεος
939 3196 1046 3262 εἵνεκα
1065 3197 1173 3280 δωρη-

171 3301 314 3385 σάμενος
335 3306 448 3392 κόσμῳ
470 3301 598 3392 χρυσέῳ
621 3301 676 3368 καὶ
699 3304 872 3390 μελεδωνῷ
896 3301 1051 3390 ἀθανάτω
1074 3301 1172 3386 ἀνδρὶ

171 3405 346 3494 ἐπιτρέψας
378 3407 514 3495 δευτέρη
540 3407 645 3495 ήμέρη
673 3408 803 3474 ἀπίκετο
836 3408 869 3483 ἐς
894 3419 962 3472 τῶν
984 3410 1108 3474 Λυδῶν
1133 3409 1172 3474 τὸ

118 3528 152 3576 82
171 3513 263 3578 ἀστυ.
307 3513 503 3598 ἀπικόμενος
525 3511 563 3578 δε
585 3513 618 3590 ἐς
640 3512 768 3599 Σάρδις
788 3524 901 3599 πρῶτα
923 3510 984 3598 μὲν
1006 3513 1172 3599 ἀπέπεμπε
