2678 3968
432 293 499 349 ΜΒ.
514 294 586 349 VIII.
625 294 701 349 cAP.
721 303 843 352 ει-οε,
1078 297 1145 361 295

140 435 264 520 χθέντα
290 439 328 502 τὸ
352 438 527 523 εἰρημένον
550 443 701 504 πολλοῖσι
725 442 810 505 ἔτεσι
833 444 995 526 πρότερον
1017 442 1148 506 τούτων

141 541 179 607 ἐν
205 552 339 632 χρησμῷ
363 545 578 631 Λυσιστράτῳ
599 538 765 632 Ἀθηναίῳ
793 544 891 632 ἀνδρὶ
917 550 1146 636 χρησμολόγῳ,

140 648 179 713 τὸ
202 649 355 733 ἐλελήθεε
377 650 501 727 πάντας
523 651 602 726 τοὺς
623 648 800 734 Ἕλληνας,

249 756 421 832 Κωλιάδες
445 753 482 820 δὲ
503 766 659 838 γυναῖκες
681 756 845 841 ἐρετμοῖσι
869 755 1042 842 φρύξουσι.

139 867 238 924 τοῦτο
262 857 298 924 δέ
322 863 434 945 ἔμελλε
457 861 681 938 ἀπελάσαντος
704 861 857 944 βασιλέος
880 864 1025 928 ἔσεσθαι.

229 963 399 1036 ΞΕΡΞΗΣ
418 963 455 1030 δὲ
477 967 522 1044 ὡς
545 969 648 1050 ἔμαθε
671 968 708 1032 τὸ
731 969 871 1050 γεγονὸς
889 968 1009 1052 πάθος,
1034 971 1146 1047 δείσας
1164 985 1201 1035 97

138 1072 184 1154 μή
211 1093 261 1147 τις
289 1082 357 1136 τῶν
380 1069 503 1138 Ἰώνων
530 1073 697 1156 ὑποθῆται
728 1083 816 1138 τοῖσι
835 1071 971 1158 Ἕλλησι
1002 1073 1023 1159 ή
1051 1073 1146 1140 αὐτοὶ

139 1179 288 1260 νοήσωσι
309 1177 421 1242 πλέειν
444 1177 478 1254 ές
499 1178 558 1242 τὸν
577 1174 821 1262 Ἑλλήσποντον
839 1181 997 1256 λύσοντες
1017 1182 1074 1257 τὰς
1093 1205 1147 1264 γε·

138 1285 249 1369 φύρας
279 1280 335 1348 ιιαλ
364 1280 596 1368 ἀπολαμφθεὶς
627 1283 664 1349 ἐν
695 1292 734 1369 τή
765 1284 911 1371 Εὐρώπῃ
942 1287 1146 1373 κινδυνεύσῃ

139 1389 336 1472 ἀπολέσθαι,
360 1390 510 1474 δρησμὸν
529 1389 699 1472 ἐβούλευε·
728 1389 841 1455 θέλων
864 1387 901 1456 δὲ
924 1393 967 1475 μή
991 1391 1147 1475 ἐπίδηλος

138 1490 226 1560 εἶναι
255 1495 335 1579 μήτε
364 1506 451 1560 τοῖσι
475 1494 611 1579 Ἕλλησι
643 1499 722 1579 μήτε
753 1507 841 1560 τοῖσι
871 1495 998 1562 ἑωυτοῦ
1025 1496 1059 1573 ές
1084 1498 1146 1581 τήν

138 1605 315 1685 Σαλαμῖνα
337 1613 430 1686 χῶμα
453 1601 604 1684 ἐπειρᾶτο
628 1602 778 1684 διαχοῦν,
801 1603 946 1686 γαύλους
967 1625 1002 1667 τε
1028 1606 1143 1668 Φοινι-

137 1711 254 1790 κηίους
275 1705 422 1791 συνέδεε,
446 1707 502 1772 ἵνα
524 1707 601 1772 ἀντί
620 1730 655 1772 τε
678 1709 810 1792 σχεδίης
833 1711 911 1773 έωσι
934 1706 989 1773 καλ
1011 1712 1145 1792 τείχεος,

137 1813 270 1896 ἀρτέετό
297 1836 332 1877 τε
362 1812 395 1889 ἐς
421 1815 567 1897 πόλεμον
594 1813 638 1888 ὡς
665 1816 852 1897 ναυμαχίην
878 1814 983 1895 ἀλλην
1010 1817 1145 1897 ποιησό-

138 1942 246 2004 μενος.
293 1917 435 2003 ὁράιντες
463 1916 503 1982 δέ
523 1942 581 2001 μιν
604 1917 723 1994 πάντες
746 1920 781 1982 οί
801 1920 895 1983 ἀλλοι
917 1927 1020 1983 ταῦτα
1042 1922 1146 2005 πρήσ-

138 2041 242 2089 σοντα
265 2019 303 2088 εὖ
325 2021 500 2107 ήπιστέατο
523 2023 568 2098 ὡς
588 2021 625 2088 έν
641 2024 765 2099 παντὸς
782 2025 866 2088 νόου
884 2027 1145 2108 παρεσκεύασται

138 2130 250 2216 μένων
273 2131 484 2214 πολεμήσειν·
507 2129 707 2214 Μαρδόνιον
731 2125 761 2192 δ’
786 2125 887 2194 οὐδὲν
905 2131 1032 2195 τούτων
1051 2131 1145 2197 ἑλάν-

137 2243 225 2301 θανε
248 2235 292 2312 ὡς
314 2235 454 2320 μάλιστα
473 2236 629 2318 ἔμπειρον
647 2233 745 2299 ἐόντα
762 2243 819 2317 τής
837 2234 965 2301 ἐκείνου
984 2238 1144 2321 διανοίης.

140 2341 242 2405 ταῦτά
268 2363 303 2405 τε
333 2341 399 2425 ἅμα
426 2338 550 2424 Ξέρξης
581 2338 687 2405 ἐποίεε
718 2338 773 2404 παλ
800 2342 920 2424 ἔπεμπε
952 2342 985 2419 ἐς
1012 2342 1145 2429 Πέρσας

138 2445 337 2531 ἀγγελέοντα
359 2447 421 2530 τήν
443 2445 633 2530 παρεοῦσάν
652 2461 712 2529 σφι
735 2448 922 2531 συμφορήν.
958 2448 1087 2513 τούτων
1107 2447 1143 2515 δέ
1162 2463 1198 2514 98

137 2563 206 2617 τῶν
238 2551 388 2635 ἀγγέλων
420 2554 489 2616 ἔστι
521 2545 621 2615 ούδλν
654 2551 673 2616 ὅ
704 2573 736 2615 τι
767 2557 898 2617 θᾶσσον
930 2558 1145 2637 παραγίνεται

136 2659 268 2742 θνητὸν
305 2657 378 2724 έόν·
412 2657 498 2722 οὕτω
530 2667 616 2722 τοῖσι
648 2655 799 2742 Πέρσησι
836 2656 1005 2743 ἐξεύρηται
1036 2668 1145 2726 τοῦτο.

138 2764 274 2847 λέγουσι
296 2765 360 2848 γάρ
383 2763 427 2840 ὡς
450 2763 539 2828 ὅσον
562 2762 603 2828 ἀν
623 2761 773 2848 ἡμερέων
795 2754 962 2848 ᾖήπᾶσα
981 2764 1069 2844 ὁδός,
1091 2788 1146 2830 το-

12 2917 14 2940 ,
138 2878 255 2934 σοῦτοι
277 2870 371 2935 ἵπποι
393 2893 427 2934 τε
454 2867 509 2933 παλ
532 2869 651 2951 ἀνδρες
677 2869 833 2950 διεστᾶσι,
860 2869 941 2932 κατὰ
963 2868 1146 2953 ἡμερησίην

138 2976 222 3042 ὁδὸν
257 2973 397 3058 ἑκάστην
429 2975 527 3051 ἵππος
557 2996 592 3038 τε
623 2971 679 3037 ιιαλ
710 2972 795 3057 ἀνήρ
826 2973 1034 3057 τεταγμένος·
1066 2977 1146 3054 τοὺς

138 3083 217 3146 οὔτε
239 3084 384 3165 νιφετός,
408 3081 469 3146 οὐκ
491 3081 626 3165 ὄμβρος,
650 3077 691 3143 ού
709 3087 830 3161 καῦμα,
853 3078 895 3142 οὐ
912 3077 973 3156 νὺξ
992 3081 1081 3162 ἔργει
1098 3083 1144 3165 μή

138 3187 181 3252 οὐ
204 3187 387 3252 κατανύσαι
408 3189 468 3252 τὸν
488 3188 707 3270 προκείμενον
726 3183 814 3272 αὐτῷ
833 3185 960 3270 δρόμον
977 3185 1038 3268 τήν
1055 3190 1146 3271 ταχί-
1205 3221 1209 3226 =

139 3310 232 3377 στην.
264 3293 283 3358 ὁ
302 3290 362 3378 μὲν
382 3295 422 3378 δή
441 3303 570 3379 πρῶτος
589 3291 725 3375 δραμὼν
744 3291 925 3375 παραδιδοῖ
939 3291 979 3355 τά
997 3290 1147 3357 ἐντεταλ-

138 3395 223 3483 μένα
245 3407 291 3487 τῳ
316 3399 469 3486 δευτέρῳ,
493 3398 510 3464 ὁ
535 3393 573 3462 δὲ
596 3397 750 3482 δεύτερος
771 3404 816 3484 τῳ
840 3400 952 3484 τρίτῳ·
975 3397 1012 3461 τὸ
1036 3393 1074 3462 δὲ
1092 3397 1145 3463 έν-

138 3510 262 3569 θεῦτευ
280 3506 344 3589 ήδη
362 3499 433 3569 κατ’
454 3507 555 3570 ἀλλον
570 3500 767 3587 διεξέρχεται
785 3504 1044 3588 παραδιδόμενα,
1062 3503 1145 3568 κατά
