2678 3970
449 272 595 329 LIB.V11.
633 273 708 328 GAP.
729 281 850 331 ιο-τι.
1087 277 1152 343 153

143 411 266 500 Ἄθως,
286 418 381 502 Σάνη
400 419 495 494 πόλις
509 413 624 495 Ἑλλάς
642 424 783 502 οίκηται,
812 420 849 485 αί
865 417 902 485 δέ
920 420 1012 498 ἐντὸς
1029 421 1152 506 Σάνης,

144 526 209 590 έσω
232 520 269 589 δὲ
286 533 346 589 τοῦ
360 523 455 589 ’Ἀθω
474 524 656 609 οἰκημέναι,
674 525 732 602 τάς
748 526 822 591 τότε
841 524 859 592 ὁ
879 526 1011 612 Πέρσης
1029 530 1150 612 νησιώ-

143 631 237 707 τιδας
255 627 329 695 άντλ
347 629 574 717 ἠπειρωτίδων
593 631 723 716 ὥρμητο
746 631 886 697 ποιέειν·
919 631 983 698 εἰσὶ
1006 630 1043 700 δέ
1066 636 1150 720 αἵδε,

142 742 242 819 Δίον,
259 732 446 821 Ὀλόφυξος,
463 731 664 828 Ἀκρόθῳον,
683 737 823 822 Θύσσος,
842 741 1004 805 Κλεωναί.
1040 743 1152 820 πόλιες

143 839 204 927 μὲν
227 837 325 908 αὗται
351 845 390 909 αἳ
411 843 471 908 τὸν
493 840 610 908 ’Ἁθων
632 842 804 933 νέμονται,
833 844 987 929 ὤρυσσον
1011 842 1049 911 δὲ
1072 842 1149 914 ὧδε·
1170 875 1204 924 23

143 948 326 1032 δασάμενοι
351 949 412 1015 τὸν
438 959 549 1035 χῶρον
579 949 615 1014 οί
634 949 797 1035 βάρβαροι
824 951 906 1016 κατὰ
927 953 1046 1035 ἐθνεα,
1069 955 1152 1018 κατά

143 1055 263 1138 Σάνην
284 1055 385 1120 πόλιν
406 1052 613 1140 σχοινοτενὲς
634 1056 867 1140 ποιησάμενοι,
894 1055 1000 1124 ἐπείτε
1023 1057 1150 1142 ἐγίνετο

143 1160 253 1245 βαθέα
273 1161 295 1246 ή
319 1160 456 1248 διῶρυξ,
480 1161 516 1228 οί
535 1157 596 1246 μέν
618 1162 787 1228 κατώτατα
809 1161 962 1240 ἑστεῶτες
985 1165 1150 1250 ὤρυσσον,

144 1267 252 1352 ἕτεροι
272 1265 309 1334 δὲ
328 1268 554 1354 παρεδίδοσαν
566 1268 626 1334 τὸν
641 1266 705 1334 αίελ
719 1266 982 1355 ἐξορυσσόμενον
998 1279 1081 1356 χοῦν
1095 1272 1151 1338 άλ-

143 1380 233 1440 λοισι
252 1373 440 1460 κατύπερθε
464 1372 598 1440 ἑστεῶσι
616 1373 670 1440 ἐπὶ
687 1374 837 1461 βάθρων,
857 1375 893 1441 οί
909 1372 940 1441 δ’
962 1372 1005 1443 αὖ
1024 1378 1152 1444 ἐκδεκό-

143 1503 239 1566 μενοι
263 1478 413 1566 ἑτέροισι,
437 1479 499 1558 ἕως
522 1481 678 1546 άπίκοντο
702 1481 736 1558 ἐς
757 1484 836 1558 τοὺς
856 1481 1025 1548 ἀνωτάτω·
1059 1479 1152 1550 οὗτοι

145 1585 182 1652 δὲ
206 1585 382 1672 ἐξεφόρεόν
403 1608 439 1652 τε
460 1583 516 1652 καὶ
534 1585 719 1671 ἐξέβαλλον.
756 1598 842 1652 τοῖσι
861 1585 922 1672 μέν
939 1612 1004 1654 νυν
1022 1590 1152 1656 ὤλλοισι

143 1694 231 1778 πλήν
252 1695 420 1758 Φοινίκων
443 1693 750 1779 καταρρηγνύμενοι
773 1693 808 1758 οί
827 1692 970 1780 κρημνοὶ
991 1703 1052 1760 τοῦ
1076 1695 1150 1782 ὀρύ-

145 1822 268 1885 γματος
299 1801 404 1864 πόνον
433 1800 609 1882 διπλήσιον
626 1795 810 1884 ’παρείχον
842 1800 899 1865 άτε
930 1802 993 1887 γδιρ
1025 1810 1086 1868 τοῦ
1116 1825 1152 1867 τε

144 1908 215 1973 άνυ
243 1907 404 1990 στόματος
430 1903 485 1970 καὶ
511 1913 572 1971 τοῦ
594 1905 680 1971 κάτω
708 1905 748 1970 τά
771 1905 855 1970 αὐτὰ
877 1904 978 1992 μέτρα
1000 1907 1152 1992 ποιευμέ-

145 2037 215 2079 νων
239 2010 355 2096 ἐμελλέ
375 2027 436 2096 σφι
458 2019 590 2078 τοιοῦτο
614 2010 852 2095 ἀποβήσεσθαι.
890 2013 925 2076 οί
942 2009 978 2078 δὲ
999 2017 1154 2091 Φοίνικες

144 2120 271 2203 σοφίην
294 2120 331 2184 ἐν
352 2139 388 2184 τε
409 2127 497 2183 τοῖσι
519 2118 649 2183 άλλοισι
672 2119 800 2202 έργοισι
823 2116 1079 2184 ἀποδείκνυνται
1097 2118 1153 2186 καὶ

145 2226 187 2310 δή
205 2221 262 2290 καὶ
280 2223 317 2289 ἐν
331 2223 459 2311 έκείνφ·
482 2222 702 2308 ἀπολαχόντες
715 2224 778 2309 γάρ
793 2225 911 2309 μόριον
926 2225 1007 2291 ὅσον
1021 2226 1152 2292 αὐτοῖσι

145 2331 317 2415 ἐπέβαλλε,
346 2330 500 2416 ὤρυσσον
525 2329 564 2395 τὸ
591 2326 653 2414 μέν
679 2329 749 2395 άνω
777 2331 882 2414 στόμα
908 2339 966 2415 τῆς
989 2333 1153 2418 διώρυχος

144 2447 316 2514 ποιεῦντες
343 2436 518 2520 διπλήσιον
544 2435 566 2520 ή
589 2436 671 2501 ὅσον
698 2437 766 2501 ἐδει
793 2435 897 2521 αὐτήν
919 2438 980 2520 τήν
1004 2439 1152 2525 διώρυχα

144 2543 321 2628 γενέσθαι,
353 2544 595 2628 προβαίνοντος
622 2538 659 2607 δὲ
684 2550 745 2608 τοῦ
768 2543 868 2628 ἐργου
896 2551 1043 2628 συνῆγον
1072 2547 1109 2609 ιιί
1125 2549 1151 2611 ί·

144 2651 231 2716 κάτω
249 2673 284 2714 τε
300 2650 341 2734 δή
355 2648 482 2734 ἐγίνετο
496 2645 550 2713 καὶ
569 2646 716 2726 ἐξισοῦτο
735 2660 822 2714 τοῖσι
840 2649 969 2715 άλλοισι
986 2650 1024 2716 τὸ
1040 2652 1151 2734 ἔργον.

145 2759 293 2825 ἐνθαῦτα
325 2751 362 2820 δὲ
393 2755 514 2839 λειμών
542 2753 626 2837 ἐστι,
659 2753 714 2820 ίνα
742 2747 802 2838 σφι
831 2754 935 2840 ἀγορή
962 2777 997 2819 τε
1025 2754 1152 2838 ἐγίνετο

1 2868 16 2979 η
143 2862 199 2931 καί
230 2861 428 2950 πρητήριον·
465 2872 554 2938 σῖτος
584 2859 623 2926 δέ
652 2876 714 2945 σφι
740 2861 861 2936 πολλὸς
888 2859 1005 2944 ἐφοίτα
1032 2859 1068 2924 ἐκ
1094 2870 1152 2945 τής

2 2981 3 3000 ’
140 2968 253 3053 Ἀσίης
274 2966 502 3053 ἀληλεσμένος.
539 2967 583 3044 ὤς
606 2963 666 3052 μέν
689 2962 745 3050 ἐμὲ
767 2968 1041 3050 συμβαλλόμενον
1064 2965 1151 3052 εὑρί-
1170 2987 1204 3035 24

143 3095 238 3143 σκειν
266 3075 561 3161 μεγαλοφροσύνης
589 3073 713 3138 εἵνεκεν
742 3071 822 3137 αὐτὸ
850 3069 973 3155 Ξέρξης
996 3072 1153 3157 ὀρύσσειν
1335 3073 1336 3082 ’

144 3183 285 3266 ἐκέλευε,
308 3179 437 3247 ἐθέλων
454 3203 490 3245 τε
509 3180 653 3263 δύναμιν
671 3178 938 3243 ἀποδείκνυσθαι
955 3175 1009 3242 καὶ
1028 3183 1153 3265 μνημό-

144 3306 232 3356 συνα
264 3287 432 3354 λιπέσθαι·
464 3286 589 3372 παρεὸν
614 3286 677 3369 γάρ
705 3282 831 3370 μηδένα
858 3284 964 3348 πόνον
991 3287 1154 3368 λαβόντας

143 3397 204 3461 τὸν
228 3395 353 3480 ἰσθμὸν
374 3393 432 3470 τάς
453 3391 531 3470 νεάς
555 3391 729 3476 διειρύσαι,
754 3389 911 3476 ὀρύσσειν
930 3389 1058 3456 ἐκέλευε
1077 3393 1152 3457 διώ-

146 3527 231 3588 ρυχα
254 3511 294 3587 τῇ
317 3499 471 3584 θαλάσση
495 3494 591 3584 εὖρος
614 3496 658 3575 ὤς
681 3497 742 3562 δύο
760 3499 912 3584 τριήρεας
934 3495 1045 3562 πλέειν
1068 3496 1154 3584 ὁμοῦ
