2632 3970
406 245 473 300 ΜΒ.
488 245 534 310 lx„
571 245 648 300 οΑΡ.
668 253 788 304 εε-εε.
1041 245 1105 312 337

102 387 262 472 Ἀττικήν·
281 387 336 454 καί
354 389 391 455 ἐν
408 399 494 455 τοῖσι
512 393 688 474 Τρωικοῖσι
706 392 837 456 πόνοισι
856 392 1011 478 οὐδαμῶν
1028 391 1106 458 ἐλει-

104 497 245 578 πόμεθα.
290 493 361 560 ἀλλ’
397 496 439 560 ού
467 496 531 581 γάρ
558 518 590 559 τι
617 494 748 579 προέχει
774 497 902 562 τούτων
931 497 1105 584 ἐπιμεμνῆ-

105 606 199 665 σθαι·
230 598 285 665 καὶ
311 602 374 685 γάρ
402 599 444 665 άν
471 597 607 686 χρηστοὶ
628 601 701 665 τότε
725 599 833 677 ἐόντες
855 600 956 667 ὡυτοὶ
977 612 1041 669 νῦν
1064 602 1106 669 ἂν

104 699 172 770 εέευ
195 709 417 791 φλαυρότεροι
438 703 494 770 καλ
516 708 589 771 τότε
608 705 718 782 ἐόντες
736 710 881 792 φλαῦροι
898 716 963 772 νῦν
981 705 1022 773 άν
1040 703 1106 774 εέεν

104 811 283 888 ἀμείνονες.
328 817 477 877 παλαιῶν
505 810 566 896 μέν
587 835 652 876 νυυ
677 814 784 896 ἔργων
807 812 879 888 ἅλις
901 815 997 878 ἔστω·
1028 813 1106 898 ήμῑν

104 913 142 982 δὲ
160 917 192 981 εί
203 912 308 1000 μηδὲν
322 917 402 982 άλλο
417 913 486 982 ἐστὶ
500 916 774 1001 ἀποδεδεγμένον,
794 918 903 1004 ὥσπερ
917 917 985 984 ἐστὶ
1003 919 1107 983 πολλά

102 1046 139 1088 τε
161 1020 217 1088 καὶ
240 1016 278 1086 εὖ
301 1024 418 1106 ἔχοντα
441 1024 472 1086 εί
487 1021 590 1087 τέοισι
608 1019 663 1087 καὶ
681 1024 810 1088 άλλοισι
823 1018 1002 1108 Ἑλλήνων,
1026 1023 1108 1089 ἀλλὰ

103 1126 159 1192 καὶ
182 1127 246 1192 άπὸ
269 1135 330 1193 τοῦ
352 1127 389 1192 ἐν
407 1131 599 1212 Μαραθῶνι
622 1131 723 1214 ἔργον
741 1126 830 1206 άξιοί
844 1131 935 1213 είμευ
953 1137 1051 1195 τοῦτο
1070 1131 1106 1195 τὸ

103 1232 203 1318 γέρας
225 1235 312 1318 ἐχειν
333 1230 389 1297 καὶ
411 1233 493 1297 άλλα
515 1234 598 1315 πρὸς
619 1234 737 1321 τούτῳ,
762 1234 881 1311 οἵτινες
899 1244 1019 1318 μοῦνοι
1037 1231 1107 1300 Ἑλ-

103 1341 216 1422 λήνων
245 1339 285 1421 δή
314 1341 624 1422 μουνομαχήσαντες
650 1346 695 1426 τῷ
719 1337 834 1424 Πέρση
860 1337 915 1404 καὶ
943 1342 1028 1427 ἔργῳ
1054 1363 1107 1405 το-

105 1445 214 1531 σούτῳ
246 1442 507 1529 ἐπιχειρήσαντες
537 1447 795 1530 περιεγενόμεθα
826 1441 881 1508 καὶ
913 1443 1108 1528 ἐνικήσαμεν

105 1553 207 1616 ἔθνεα
234 1547 267 1626 ἕξ
289 1572 324 1614 τε
351 1547 406 1614 καὶ
432 1549 678 1633 τεσσεράκοντα.
715 1543 776 1635 ·άρ’
804 1549 846 1614 ού
873 1550 999 1614 δίκαιοί
1018 1551 1108 1634 είμεν

105 1659 192 1740 ἔχειν
214 1654 337 1736 ταύτην
359 1655 421 1737 τήν
438 1653 530 1732 τάξιν
548 1653 611 1720 άπὸ
629 1655 750 1720 τούτου
769 1656 897 1739 μούνου
914 1663 975 1719 τοῦ
992 1657 1107 1739 ἐργους

105 1759 177 1826 ἀλλ’
211 1760 252 1826 ού
279 1760 342 1844 γάρ
375 1758 411 1824 ἐν
438 1767 483 1848 τῷ
510 1761 629 1847 τοιῷδε
654 1759 763 1838 τάξιος
790 1761 898 1825 εἵνεκα
925 1760 1108 1838 στασιάζειν

105 1866 231 1951 πρέπει,
254 1865 365 1948 άρτιοί
380 1866 470 1948 είμεν
487 1868 667 1930 πείθεσθαι
684 1865 775 1949 ὑμῖν,
794 1861 820 1930 δι
838 1866 1107 1949 Λακεδαιμόνιοι,

106 1973 161 2037 ἵνα
185 1967 291 2036 δοκέει
314 1968 563 2053 ἐπιτηδεότατον
585 1969 686 2054 ήμέας
709 1964 794 2035 είναι
813 1968 945 2035 ἑστάναι
962 1968 1017 2035 καὶ
1034 1965 1104 2036 κατ’

107 2078 274 2152 οὕστινας·
304 2074 410 2160 πάντη
446 2075 510 2160 γάρ
542 2073 733 2158 τεταγμένοι
764 2077 991 2160 πειρησόμεθα
1023 2070 1108 2140 εἶναι

106 2183 251 2267 χρηστοί.
291 2179 464 2264 ἐξηγέεσθε
487 2177 525 2245 δὲ
547 2180 592 2257 ὡς
613 2179 827 2264 πεισομένων.
868 2179 903 2245 οί
922 2177 983 2264 μέν
1005 2189 1108 2246 ταῦτα
1126 2201 1162 2250 28

107 2287 292 2370 ἀμείβοντο,
316 2286 590 2369 Λακεδαιμονίων
613 2280 650 2350 δὲ
673 2283 820 2368 ἀνέβωσε
842 2284 930 2350 ἅπαν
951 2288 989 2352 τὸ
1013 2305 1109 2374 στρα-

106 2392 247 2459 τόπεδον
262 2388 461 2474 Ἀθηναίους
478 2389 740 2474 ἀξιονικοτέρους
759 2385 844 2455 εἶναι
861 2392 948 2475 ἔχειν
960 2395 998 2459 τὸ
1012 2392 1110 2480 κέρας

106 2499 128 2580 ή
146 2518 206 2582 περ
223 2491 389 2582 Ἀρκάδας.
421 2496 508 2562 οὕτω
528 2497 569 2580 δή
588 2498 686 2580 ἔσχον
705 2496 740 2562 οί
752 2490 925 2580 Ἀθηναῖοι
942 2497 997 2564 καὶ
1010 2499 1109 2582 ὑπερ-

107 2603 265 2686 εβάλοντο
288 2605 366 2679 τοὺς
392 2603 560 2685 Τεγεήτας.

195 2708 290 2773 Μετδι
313 2703 350 2772 δὲ
371 2716 473 2772 ταῦτα
496 2707 672 2773 ἐτάσσοντο
691 2701 756 2772 ὧδε
774 2707 810 2772 οί
824 2707 1057 2793 ἐπιφοιτῶντές
1074 2731 1109 2774 τε

106 2811 162 2878 καὶ
185 2813 220 2878 οί
240 2812 344 2898 ἀρχήν
367 2812 522 2890 ἐλθόντες
540 2809 719 2896 Ἑλλήνων·
742 2813 780 2877 τὸ
803 2809 865 2897 μὲν
887 2811 996 2890 δεξιὸν
1013 2811 1110 2898 κέρας

108 2914 198 3003 εἶχον
221 2918 493 3001 Λακεδαιμονίων
521 2919 648 3003 μύριοι·
679 2919 807 2982 τούτων
834 2913 872 2982 δέ
893 2919 971 2993 τοὺς
992 2937 1109 2983 πεντα-

107 3027 289 3109 κισχιλίους
322 3023 436 3100 ἐόντας
463 3024 671 3109 Σπαρτιήτας
702 3021 893 3106 ἐφύλασσον
923 3020 1016 3100 ψιλοὶ
1043 3033 1109 3088 τῶν

107 3130 251 3195 είλώτωυ
268 3131 523 3212 πεντακισχίλιοι
540 3126 595 3192 καὶ
612 3129 809 3213 τρισμύριοι,
828 3127 903 3214 περὶ
916 3127 1023 3213 ἄνδρα
1037 3125 1109 3193 ἕκα-

108 3251 189 3301 στον
202 3235 281 3301 ἑπτὰ
294 3233 499 3320 τεταγμένοι.Ι
523 3232 702 3319 προσεχέας
715 3230 753 3300 δέ
766 3237 862 3319 σφίσι
875 3234 1004 3299 εἵλοντο
1019 3232 1109 3299 ἑστά-

107 3364 164 3405 ναι
187 3342 222 3405 οί
237 3345 442 3425 Σπαρτιῆται
460 3342 539 3416 τοὺς
560 3343 719 3423 Τεγεήτας
741 3338 795 3404 καὶ
817 3348 911 3423 τιμῆς
929 3338 1038 3404 εἵνεκα
1056 3339 1110 3405 καλ

108 3444 236 3530 ἀρετῆς·
254 3447 382 3511 τούτων
401 3443 431 3510 δ’
452 3441 537 3530 ήσαν
556 3444 684 3510 ὁπλῖται
701 3448 801 3529 χίλιοι
819 3444 874 3511 καί
891 3447 1108 3512 πεντακόσιοι.

160 3555 255 3598 Ηττον.
268 3557 299 3596 Π.
864 3553 897 3601 22
