2632 3970
405 256 471 312 ΗΒ.
486 257 532 314 lx.
570 257 645 313 OAP.
665 263 787 314 ιιι-ει.
1037 253 1103 318 36Ἰ

96 399 280 477 Πλαταιέες
306 401 340 477 ές
367 399 425 466 ἕνα
451 398 576 488 χῶρον)
604 399 727 486 εὑρέθη
749 402 874 485 κεφαλὴ
898 401 959 466 οὐκ
981 402 1103 486 ἔχουσα

99 507 212 592 ραφην
235 506 396 591 οὐδεμίαν
417 505 490 572 ἀλλ’
517 506 551 586 έξ
574 505 649 584 ἑνὸς
667 507 773 572 έοῦσα-
786 505 915 572 ὀστίου·
939 505 1046 590 έφάνη
1065 503 1103 572 δέ

97 611 154 679 καὶ
175 613 318 697 γνάθος,
340 610 395 678 καὶ
417 615 455 678 τὸ
477 614 548 678 άνω
569 622 628 696 τῆς
649 613 796 696 γνάθου,
821 615 941 698 ἔχουσα
964 611 1103 690 ὀδόντας

99 718 322 804 μουνοφυέας,
346 717 379 798 ἐξ
403 717 477 796 ένός
500 718 617 784 ὀστέου
639 719 778 802 πάντας,
806 719 885 795 τούς
906 741 942 783 τε
965 717 1105 796 ὀδόντας

98 822 153 891 καὶ
189 828 268 901 τοὺς
298 827 477 909 γομφίους·
512 822 568 888 καί
598 826 820 908 πενταπήχεος
853 823 976 909 ἀνδρὸς
1008 822 1103 889 ὀστέα

100 930 216 1015 έφάνη.
253 929 358 996 ἐπείτε
382 925 418 994 δέ
436 930 636 1013 Μαρδονίου
659 928 797 1015 δευτέρῃ
819 927 924 1014 ἡμέρη
947 928 966 996 ὀ
989 932 1105 1015 νεκρὸς
1122 953 1158 1003 ει

99 1036 275 1120 ἠφάνιστο,
292 1029 349 1100 ὑπ’
366 1035 442 1100 ὅτευ
460 1031 521 1119 μὲν
539 1035 739 1121 ἀνθρώπων,
756 1037 794 1100 τὸ
814 1030 945 1120 ἀτρεκές
963 1033 1024 1100 οὐκ
1041 1037 1103 1120 ἔχω

99 1143 215 1224 εἰπεῖν,
238 1143 383 1218 πολλοὺς
406 1140 445 1206 δέ
460 1164 552 1218 τινας
573 1143 637 1226 ἤδη
656 1139 712 1206 καὶ
729 1142 961 1217 παντοδαποὺς
978 1142 1105 1224 ἤκουσα

98 1248 208 1325 θάψαι
234 1247 450 1332 Μαρδόνιον,
480 1244 536 1311 καὶ
568 1247 659 1331 δῶρα
689 1247 812 1332 μεγάλα
840 1241 916 1311 οίδα
943 1248 1106 1330 λαβόντας
1195 1321 1198 1324 ,

99 1355 243 1430 πολλοὺς
269 1353 358 1436 παρὰ
382 1349 560 1435 Ἀρτόντεω
587 1360 648 1417 τοῦ
674 1353 875 1436 Μαρδονίου
902 1354 1021 1430 παιδὸς
1050 1354 1106 1418 διὰ

99 1466 198 1524 τοῦτο
221 1459 258 1523 τὸ
282 1460 394 1544 έργου·
418 1457 508 1535 ὅστις
530 1457 643 1543 μέντοι
664 1453 707 1541 ἦν
730 1457 841 1523 αὐτῶν
862 1457 880 1524 ὀ
904 1458 1106 1544 ὑπελόμενός

98 1588 136 1631 τε
157 1561 212 1629 καί
234 1564 348 1641 θάψας
368 1565 428 1628 τὸν
450 1565 570 1648 νεκρὸν
591 1565 651 1629 τὸν
668 1565 879 1649 Μαρδονίου,
902 1563 943 1629 ού
962 1565 1106 1649 δύναμαι

100 1668 260 1756 άτρεκέως
282 1668 462 1734 πυθέσθαι.
499 1673 564 1754 ἔχει
588 1669 628 1736 δέ
645 1693 719 1736 τινα
742 1670 842 1754 φάτιν
865 1667 921 1735 καὶ
940 1675 1105 1735 Διονυσο-

100 1776 210 1862 φάνης
235 1774 320 1860 άνὴρ
339 1771 489 1858 Ἐφέσιος
515 1775 624 1854 θάψαι
645 1777 854 1861 Μαρδόνιον.
899 1769 973 1841 ἀλλ’
1003 1772 1105 1860 ὁμέν
1123 1795 1159 1849 86

100 1884 212 1968 τρόπῳ
230 1881 370 1967 τοιούτῳ
390 1880 506 1965 ἐτάφη·
525 1881 561 1946 οί
577 1877 614 1946 δέ
629 1879 786 1964 Ἕλληνες
804 1881 848 1958 ὡς
867 1880 904 1946 έν
922 1885 1107 1966 Πλαταιῇσι

101 1988 163 2070 τὴν
185 1989 284 2070 ληίην
302 1986 477 2069 διείλοντο,
501 1989 647 2052 ἔθαπτον
669 1991 748 2064 τοὺς
766 1986 899 2052 ἑωυτῶν
917 1985 1017 2071 χωρὶς
1035 1986 1107 2052 ἕκα-

101 2109 184 2158 στοι.
228 2093 486 2176 Λακεδαιμόνιοι
521 2088 583 2176 μὲν
614 2093 725 2178 τριξὰς
756 2092 952 2176 ἐποιήσαντο
983 2095 1107 2176 θήκας·
1213 2092 1218 2100 ’

101 2200 187 2263 ἔνθα
214 2193 275 2282 μέν
301 2200 380 2275 τοὺς
408 2196 518 2284 ἰρένας
541 2201 687 2280 ἔθαψαν,
713 2208 780 2262 τῶν
802 2195 858 2264 καὶ
881 2199 1108 2276 Ποσειδώνιος

100 2301 159 2375 καί
180 2297 426 2388 Ἀμομφάρετος
452 2299 538 2388 ἦσαν
564 2301 619 2370 καὶ
644 2304 819 2370 Φιλοκύων
845 2327 880 2370 τε
907 2302 962 2369 καὶ
984 2308 1107 2370 Καλλι-

101 2408 231 2493 κράτης.
268 2409 304 2476 έν
327 2406 389 2495 μὲν
412 2411 452 2494 δὴ
478 2407 527 2475 ἑνί
549 2421 617 2475 τῶν
638 2410 755 2494 τάφων
772 2405 858 2494 ἦσαν
879 2411 914 2476 οί
935 2409 1050 2497 ίρένες,
1070 2410 1109 2476 έν

102 2511 141 2580 δὲ
163 2522 208 2602 τῷ
233 2513 331 2602 έτέρφ
356 2517 391 2581 οί
411 2517 505 2582 ἄλλοι
526 2520 740 2602 Σπαρτιῆται,
765 2515 801 2581 έν
825 2512 862 2582 δὲ
882 2524 929 2604 τῷ
951 2520 1050 2604 τρίτφ
1074 2517 1112 2582 οί

103 2620 243 2697 εἵλωτες.
283 2616 376 2686 οὗτοι
398 2618 459 2706 μὲν
483 2622 569 2688 οὕτω
593 2625 749 2706 ἔθαπτον,
776 2625 931 2706 Τεγεῆται
953 2618 990 2686 δέ
1007 2619 1111 2706 χωρὶς

101 2726 228 2803 πάντας
255 2725 366 2811 άλέας,
394 2725 449 2793 καὶ
473 2725 647 2812 Ἀθηναῖοι
668 2731 747 2804 τοὺς
770 2726 902 2793 ἑωυτῶν
925 2726 1024 2812 ὁμοῦ,
1051 2725 1108 2792 καὶ

101 2830 273 2917 Μεγαρέες
299 2856 334 2898 τε
363 2831 418 2898 καί
447 2833 600 2900 Φλιάσιοι
626 2837 704 2912 τοὺς
731 2834 795 2900 ὑπὸ
822 2841 880 2917 τῆς
906 2833 1008 2898 ἵππου
1036 2833 1107 2897 δια-

103 2937 304 3023 φθαρέντας.
341 2940 469 3004 τούτων
491 2935 616 3024 μὲνδὴ
639 2940 772 3006 πάντων
794 2941 932 3025 πλήρεες
952 2937 1112 3022 ἐγένοντο

104 3042 140 3108 οί
159 3043 272 3128 τάφοι·
299 3053 366 3109 τῶν
390 3040 427 3108 δέ
450 3045 560 3110 ἄλλων
583 3045 656 3110 ὅσοι
678 3043 733 3110 καὶ
756 3048 934 3130 φαίνονται
956 3042 993 3109 έν
1016 3047 1107 3108 Πλα-

102 3157 212 3234 ταιῇσι
236 3149 345 3227 ἐόντες
366 3150 478 3235 τάφοι,
500 3151 639 3227 τούτους
662 3149 709 3234 δέ,
733 3150 777 3227 ὡς
799 3149 863 3234 έγδ)
881 3149 1111 3234 πυνθάνομαι,

104 3253 406 3341 ἐπαισχυνομένους
434 3263 474 3341 τῇ
501 3255 638 3322 άπεσιοί
661 3265 718 3340 τῆς
741 3257 844 3342 μάχης
867 3254 1023 3332 ἑκάστους
1044 3257 1107 3341 χύ-

104 3383 189 3444 ματα
215 3371 319 3446 χῶσαι
345 3363 438 3428 κεινὰ
463 3373 530 3428 τῶν
557 3361 795 3448 ἐπιγινομένων
822 3362 947 3428 εἵνεκεν
974 3361 1109 3449 άνθρύ·

102 3488 192 3549 πων,
230 3465 299 3532 ἐπεὶ
331 3466 387 3534 καὶ
417 3467 624 3554 Αίγινητέων
657 3467 725 3536 ἐστὶ
759 3469 880 3536 αὐτόθι
910 3471 1109 3550 καλεόμενος
