2678 3968
430 273 497 327 ΜΒ.
511 273 585 331 vffl.
623 274 699 330 CAP.
721 282 840 332 11-16.
1071 278 1137 344 259

137 440 168 482 τε
191 411 282 501 είχον
303 419 361 495 τάς
384 416 460 494 νέας
481 422 540 482 καί
560 434 621 502 σφι
644 419 804 504 ἀπεχρᾶτο
828 432 934 498 κακῶς
951 424 1137 507 πρήσσουσι

134 523 275 608 ἡσυχίην
298 524 392 607 ἀγειν
414 523 451 589 έν
477 531 522 611 τῷ
546 527 711 608 παρεόντι.
755 536 842 590 τοῖσι
866 522 902 590 δέ
924 524 1060 612 Ἕλλησι
1082 527 1137 594 έπ-

135 631 297 712 εβοήθεον
326 628 398 706 νέες
424 639 512 713 τρεῖς
539 626 594 700 καὶ
621 630 824 712 πεντήκοντα
849 627 996 699 Ἀττικαί.
1040 628 1140 700 αὗταί

133 757 168 800 τε
195 735 237 818 δή
264 737 367 818 σφεας
394 733 584 819 ἐπέρρωσαν
611 733 804 818 ἀπικόμεναι
831 733 886 800 καί
913 737 979 819 ἀμα
1002 737 1135 822 ἀγγελίη

133 841 280 907 έλθοῦσα
294 841 338 916 ὡς
351 850 418 906 τῶν
431 841 610 925 βαρβάρων
624 840 659 905 οί
670 839 899 924 περιπλέοντες
911 842 973 926 τήν
986 843 1136 927 Εὔβοιαν

132 947 251 1024 πάντες
279 953 394 1030 είησαν
417 943 658 1030 διεφθαρμένοι
685 945 750 1011 ὑπὸ
777 955 838 1010 τοῦ
864 945 1047 1031 γενομένου
1073 973 1135 1032 χει-

132 1065 250 1139 μῶνος.
295 1050 498 1136 φυλάξαντες
521 1052 562 1134 δή
585 1052 646 1135 τήν
668 1051 773 1136 αὐτήν
795 1052 887 1137 ὥρην
910 1052 1065 1130 πλέοντες
1082 1053 1136 1120 έπ·

132 1159 251 1225 έπεσον
283 1156 384 1242 νηυσὶ
414 1160 607 1242 Κιλίσσῃσι·
642 1157 764 1234 ταύτας
800 1153 837 1222 δὲ
869 1159 1135 1245 διαφθείραντες,

133 1267 178 1342 ὡς
200 1264 348 1350 εὐφρόνη
372 1263 513 1346 ἐγένετο,
541 1260 705 1328 ἀπέπλεον
732 1263 837 1329 ὀπίσω
861 1261 913 1328 ἐπὶ
935 1265 973 1330 τὸ
992 1261 1135 1350 Ἀρτεμί-

132 1389 216 1436 σιον.
252 1373 345 1455 τρίτη
369 1367 406 1434 δέ
428 1368 532 1455 ἡμέρη
556 1369 668 1435 δεινόν
690 1392 722 1434 τι
744 1370 962 1454 ποιησόμενοι
984 1372 1020 1436 οί
1040 1388 1136 1458 στρα-
1156 1390 1187 1440 ισ

133 1475 229 1561 τηγολ
255 1487 322 1541 τῶν
349 1477 528 1561 βαρβάρων
556 1474 633 1553 νέας
655 1476 741 1541 οὕτω
765 1493 826 1562 σφι
849 1476 961 1560 ὀλίγας
983 1481 1136 1562 λυμαίνε-

133 1590 215 1649 σθαι
241 1580 296 1648 καὶ
322 1583 359 1648 τὸ
387 1582 451 1646 ἀπδ
473 1580 600 1666 Ξέρξεω
630 1583 854 1666 δειμαίνοντες
876 1582 938 1648 οὐκ
960 1581 1135 1667 ἀνέμειναν

133 1693 180 1756 ἔτι
197 1691 276 1766 τοὺς
290 1686 452 1771 Ἓλληνας
471 1687 574 1772 μάχης
589 1688 696 1773 ἀρξαι,
714 1687 797 1752 ἀλλά
814 1689 1136 1774 παρακελευσάμενοι

131 1797 213 1864 ιιατδ
244 1793 346 1880 μέσον
377 1792 500 1878 ἡμέρης
526 1793 652 1876 ἀνῆγον
678 1794 735 1870 τὰς
761 1792 846 1870 νέας.
892 1791 1069 1860 συνέπιπτε
1098 1793 1136 1861 δὲ

1 1973 2 1978 1
133 1903 215 1967 ὥστε
237 1901 295 1976 τὰς
317 1898 417 1976 αάτάς
438 1899 558 1975 ταύτας
575 1898 698 1984 ἡμέρας
715 1898 773 1976 τός
793 1921 829 1964 τε
848 1902 1030 1985 ναυμαχίας
1048 1903 1134 1984 γίνε-

132 2015 215 2072 σθαι
237 2005 357 2084 ταύτας
378 2002 434 2070 καί
455 2005 513 2081 τάς
535 2007 730 2089 πεζομαχίας
751 2005 809 2080 τδς
830 2003 868 2070 έν
891 2007 1133 2092 Θερμοπύλῃσι.

132 2110 175 2197 ἡν
207 2108 244 2182 δὲ
274 2119 337 2187 πᾶς
369 2109 387 2176 ὁ
419 2110 509 2194 ἀγδιν
540 2121 627 2174 τοῖσι
658 2111 739 2175 ιιατά
769 2111 945 2175 θάλασσαν
971 2110 1047 2197 περὶ
1072 2123 1134 2180 τοῦ

132 2217 298 2302 Ελάρίπου,
325 2216 435 2300 ὥσπερ
467 2227 553 2282 τοῖσι
585 2213 670 2301 ἀμφὶ
696 2217 872 2300 Λεωνίδην
902 2217 964 2302 τήν
992 2217 1133 2303 ἐσβολήν

134 2322 324 2408 φυλάσσειν.
370 2322 406 2390 οί
425 2318 486 2407 μὲν
509 2323 551 2405 δή
573 2323 830 2407 παρεκελεύοντο
859 2323 943 2399 ὅκως
965 2324 1008 2408 μή
1030 2328 1133 2409 παρή-

133 2445 231 2496 σουσι
253 2429 286 2505 ές
308 2429 369 2513 τήν
387 2423 528 2494 Ἑλλάδα
550 2430 629 2505 τοὺς
651 2428 855 2514 βαρβάρους,
878 2429 913 2494 οί
934 2425 964 2493 δ’
991 2430 1074 2508 ὅκως
1095 2433 1132 2497 τὸ

129 2533 322 2619 Ἑλληνικὸν
349 2534 535 2621 στράτευμα
563 2535 818 2619 διαφθείραντες
844 2543 905 2600 τοῦ
926 2537 1034 2619 πόρου
1055 2560 1133 2621 ιιρα-

132 2643 278 2725 τήσουσι.
323 2640 368 2718 ὡς
399 2636 437 2706 δέ
466 2639 640 2724 ταξάμενοι
673 2640 708 2705 οί
736 2639 863 2725 Ξέρξεω
895 2639 1069 2722 ἐπέπλεον,
1101 2642 1137 2707 οί
1152 2659 1185 2707 16

1 2739 2 2758 ³
133 2747 291 2830 Ἕλληνες
322 2744 462 2833 ἀτρέμας
493 2741 583 2830 εἶχον
612 2746 695 2831 πρὸς
719 2754 765 2834 τῷ
790 2743 989 2834 Ἀρτεμισίῳ.
1034 2746 1070 2812 οί
1096 2744 1133 2811 δέ

0 2915 3 2942 ζ
132 2855 295 2940 βάρβαροι
317 2848 490 2937 μηνοειδὲς
510 2855 707 2935 ποιήσαντες
723 2863 791 2916 τῶν
813 2861 900 2916 νεῶν
923 2850 1131 2934 ἐκυκλοῦντο,

132 2961 177 3038 ὡς
202 2959 412 3046 περιλάβοιεν
441 2955 570 3035 αὐτούς.
615 2957 773 3024 ἐνθεῦτεν
801 2956 837 3022 οί
856 2953 1013 3038 Ἕλληνες
1035 2955 1132 3021 ἐπαν-

132 3065 249 3132 έπλεόν
277 3089 313 3132 τε
348 3062 403 3130 καὶ
434 3062 643 3147 συνέμισγον.
693 3061 730 3128 έν
760 3061 863 3146 ταότη
898 3067 937 3143 τῇ
967 3064 1132 3147 ναυμαχίη

1 3203 2 3256 3
131 3173 352 3256 παραπλήσιοι
366 3171 537 3254 ἀλλήλοισι
551 3169 711 3253 ἐγίνοντο.
745 3165 840 3250 ὁγάρ
855 3163 981 3250 Ξέρξεω
996 3167 1132 3252 στρατὸς

131 3277 195 3343 ὑπὸ
215 3278 377 3362 μεγάθεός
393 3299 429 3342 τε
446 3274 502 3342 καὶ
519 3276 665 3358 πλήθεος
682 3272 780 3349 αὐτὸς
798 3267 853 3336 ὑπ’
871 3268 996 3337 ἑαυτοῦ
1010 3273 1131 3356 ἔπιπτε,

131 3381 388 3468 ταρασσομένων
413 3404 449 3448 τε
474 3391 542 3448 τῶν
563 3389 650 3450 νεῶν
676 3376 731 3444 καλ
752 3376 1035 3462 περιπιπτουσέων
1055 3376 1132 3464 περὶ

131 3487 286 3569 ἀλλήλας·
304 3489 392 3573 ὅμως
410 3485 523 3572 μέντοι
541 3485 667 3571 ἀντεῖχε
684 3483 740 3552 καὶ
760 3485 821 3551 οὐκ
840 3479 918 3550 εἷκε·
937 3485 1049 3550 δεινὸν
1067 3485 1130 3569 γὰρ

867 3589 921 3641 1⁷*
