2678 3970
418 251 485 309 ΜΒ.
501 252 560 307 v11.
597 251 852 308 omma-186.
1074 250 1136 314 22ῖ

134 393 191 460 καί
214 395 426 472 ἑκατοντάδες
448 394 482 474 ἐξ
504 392 560 460 καὶ
583 395 686 471 δεκάς.
723 404 821 462 τοῦτο
845 393 906 479 μὲν
927 397 964 461 τὸ
988 394 1020 475 ἐξ
1039 394 1140 479 αὐτῆς

134 511 193 585 τῆς
211 499 324 584 Ἀσίης
347 501 530 586 στράτευμα
554 496 736 584 ἐξαναχθὲν
759 506 901 584 εἴρηται,
925 501 1004 566 α”νευ
1026 524 1061 566 τε
1082 510 1140 584 τῆς

134 609 320 690 θεραπηίης
347 615 404 690 τῆς
431 604 592 691 ἑπομένης
618 603 673 670 καὶ
701 616 768 671 τῶν
795 616 987 688 σιταγωγῶν
1013 610 1139 674 πλοίων

134 710 190 777 καὶ
209 711 282 778 ὅσοι
301 711 456 778 ἐνέπλεον
474 711 630 777 τούτοισι.
666 711 703 776 τὸ
723 707 760 776 δὲ
779 711 820 795 δή
840 710 875 776 ἐκ
892 720 950 794 τῆς
967 710 1130 796 Εὐρώπης
1141 729 1190 779 185

134 817 300 900 άγόμενον
336 816 520 902 στράτευμα
555 819 603 882 ἐτι
634 815 873 902 προσλογιστέα
904 816 1009 904 τούτῳ
1041 816 1139 882 παντὶ

134 931 181 1012 τῷ
210 921 476 1010 ἐξηριθμημένῳ·
506 923 643 1005 δόκησιν
672 919 708 987 δέ
736 922 790 986 δεῖ
813 920 930 1006 λέγειν.
975 921 1052 999 νέας
1078 921 1138 1007 μέν

134 1052 201 1094 νυν
225 1028 260 1094 οί
280 1027 343 1094 άπὸ
367 1030 510 1112 Θρηίκης
529 1025 687 1112 Ἕλληνες
713 1024 768 1092 καὶ
791 1025 915 1094 ἐκτῶν
936 1029 1050 1110 νήσων
1072 1038 1139 1093 τῶν

135 1132 351 1218 ἐπικειμένων
386 1141 426 1218 τῇ
456 1136 582 1220 Θρηίκη
618 1136 814 1218 παρείχοντο
847 1139 950 1199 είκοσι
981 1131 1035 1198 καὶ
1067 1131 1139 1198 ἑκα-

134 1243 204 1306 τόν.
251 1239 287 1306 ἐκ
314 1236 376 1323 μέν
398 1263 463 1304 νυν
485 1240 612 1305 τούτων
630 1223 701 1304 ’τῶν
723 1249 810 1304 νεῶν
833 1239 952 1321 ἄνδρες
973 1256 1139 1326 τετρακισ·

135 1350 237 1433 χίλιοι
262 1341 318 1410 καὶ
342 1345 511 1430 δισμύριοι
533 1347 693 1429 γίνονται.
737 1347 836 1424 πεζοῦ
860 1341 897 1410 δὲ
918 1346 978 1410 τὸν
1000 1347 1139 1431 Θρήικες

135 1454 332 1536 παρείχοντο
354 1447 409 1516 καὶ
427 1453 573 1528 Παίονες
594 1448 649 1517 καὶ
669 1446 800 1531 Ἐορδοὶ
822 1448 877 1516 καὶ
899 1449 1139 1530 Βοττιαῖοι,καλ

135 1559 174 1624 τὸ
197 1556 398 1622 Χαλκιδικὸν
419 1552 517 1639 γένος
539 1553 593 1621 καὶ
615 1557 742 1641 Βρύγοι
769 1553 824 1621 καὶ
846 1559 965 1643 Πίερες
986 1556 1041 1624 καί
1063 1561 1139 1624 Μα-

135 1665 270 1740 κεδόνες
295 1659 350 1727 καὶ
372 1658 556 1747 Περραιβοὶ
582 1659 637 1726 καί
656 1659 802 1746 Ἐνιῆνες
830 1660 886 1727 καὶ
907 1665 1059 1740 Δόλοπες
1079 1644 1139 1728 ’καλ

137 1769 314 1852 Μάγνητες
336 1764 390 1832 καὶ
410 1762 534 1852 Ἀχαιολ
552 1765 607 1833 καὶ
625 1767 699 1834 ὅσοι
716 1777 774 1852 τής
792 1771 936 1854 Θρηίκης
957 1770 1018 1852 τήν
1036 1790 1139 1855 παρα·

138 1879 213 1959 λίην
229 1873 396 1958 νέμονται,
414 1873 542 1938 τούτων
560 1883 627 1937 τῶν
646 1872 774 1939 ἐθνέων
788 1876 963 1959 τριήκοντα
977 1874 1140 1959 μυριάδας

137 1979 242 2048 δοκέω
264 1976 431 2062 γενέσθαι.
469 1972 565 2043 αὗται
585 1973 633 2043 ὧν
652 1979 689 2042 αἱ
703 1978 860 2063 μυριάδες
878 1978 1020 2064 ἐκείνησι
1037 1997 1139 2066 προσ-

136 2093 285 2153 τεθεῖσαι
307 2092 382 2169 τήσι
405 2082 441 2149 ἐκ
463 2091 520 2167 τῆς
539 2079 649 2166 Ἀσίης
666 2085 816 2166 γίνονται
835 2084 872 2148 αί
886 2092 988 2149 πᾶσαι
1006 2084 1139 2171 ἀνδρῶν

137 2193 175 2258 αί
194 2191 328 2276 μάχιμοι
354 2188 512 2274 μυριάδες
535 2189 702 2272 διηκόσιαι
728 2185 783 2252 καὶ
811 2187 966 2273 ἑξήκοντα
992 2188 1047 2256 καλ
1068 2190 1139 2259 τέσ-

138 2316 245 2382 σερες,
278 2297 382 2360 ἔπεισι
414 2291 452 2360 δέ
482 2294 621 2379 ταύτησι
650 2291 862 2372 ἑκατοντάδες
889 2285 1058 2364 ἑκκαίδεκα
1084 2297 1139 2364 καὶ

138 2401 242 2478 δεκάς.
277 2409 338 2466 τοῦ
360 2403 503 2486 μαχίμου
526 2394 563 2465 δέ
580 2399 701 2466 τούτου
720 2399 832 2478 ἐόντος
850 2399 996 2486 ἀριθμὸν
1013 2404 1129 2470 τοσοῦ-
1141 2421 1190 2470 186

137 2531 198 2574 του
223 2507 284 2590 τήν
310 2508 498 2593 θεραπηίην
528 2505 590 2588 τήν
617 2503 781 2592 ἑπομένην
807 2507 954 2573 τούτοισι
980 2506 1139 2585 καὶτοὺς

137 2614 175 2680 έν
192 2623 279 2679 τοῖσι
297 2621 510 2696 σιταγωγοῖσι
528 2609 678 2677 ἀκάτοισι
695 2611 810 2690 ἐόντας
826 2609 882 2677 καὶ
899 2613 985 2696 μάλα
1003 2614 1040 2680 έν
1053 2623 1139 2681 τοῖσι

137 2722 266 2785 άλλοισι
293 2721 437 2785 πλοίοισι
463 2727 550 2784 τοῖσι
577 2717 643 2804 ἅμα
664 2716 802 2784 πλέουσι
823 2727 864 2804 τή
886 2727 1034 2805 στρατιή,
1063 2721 1139 2784 τοό-

136 2848 216 2902 τους
236 2833 302 2889 τῶν
325 2827 476 2910 μαχίμων
498 2823 631 2909 ἀνδρῶν
659 2824 700 2890 οῦ
723 2823 826 2892 δοκέω
851 2819 937 2889 εἶναι
959 2822 1140 2900 ἐλάσσονας

138 2929 221 2995 άλλδ
246 2933 396 3006 πλεῦνας.
441 2925 496 2994 καὶ
528 2929 569 3011 δή
602 2944 706 3012 σφεας
735 2927 836 2995 ποιέω
864 2933 957 3004 ίσους
984 2927 1138 2994 ἐκείνοισι

137 3031 300 3101 εἶναικαὶ
323 3035 398 3100 οῦτε
420 3039 563 3111 πλεῦνας
585 3033 661 3099 οὔτε
680 3033 859 3110 ἐλάσσονας
877 3031 991 3100 οὐδέν·
1012 3031 1138 3112 ἐξισοῦ-

137 3164 232 3226 μενοι
254 3137 291 3206 δέ
314 3133 407 3206 οὗτοι
426 3147 472 3226 τῷ
490 3141 620 3226 μαχίμῳ
639 3137 838 3222 ἐκπληροῦσι
856 3137 914 3214 τὰς
932 3142 1005 3214 ίσας
1022 3139 1138 3224 μυριά-

139 3250 198 3325 δας
212 3247 375 3314 ἐκείνοισι.
408 3245 495 3311 οὕτω
510 3245 726 3320 πεντακοσίας
742 3265 777 3310 τε
792 3243 954 3329 μυριάδας
966 3239 1022 3308 καὶ
1034 3247 1138 3310 είκοσι

138 3349 193 3416 καὶ
220 3351 303 3417 όκτδο
326 3347 381 3416 καὶ
403 3349 552 3435 χιλιάδας
573 3358 662 3433 τρεῖς
682 3346 737 3413 καί
760 3345 977 3426 ἑκατοντάδας
999 3347 1060 3415 δύο
1083 3347 1138 3414 καὶ

139 3454 277 3532 δεκάδας
303 3455 365 3520 δύο
394 3454 527 3540 ἀνδρῶν
549 3454 652 3537 ήγαγε
679 3451 802 3538 Ξέρξης
828 3453 847 3521 ό
869 3456 1017 3540 Δαρείου
1044 3453 1134 3540 μέχρι

175 3563 180 3574 ·
869 3558 934 3611 ιε’·
