2678 3970
212 267 276 330 212
624 265 809 321 HERODOTI
893 267 895 273 '
983 277 986 284 ·

212 411 481 494 προσδεκόμενον
513 412 615 476 κακὸν
648 407 748 476 οὐδὲν
779 413 966 493 πείσεσθαι,
996 409 1129 492 άγαγδιν
1160 407 1219 474 καὶ

214 515 353 592 τούτους
380 515 413 593 ἐς
439 518 496 594 τὰς
524 517 744 601 Συρηκούσας
771 515 911 581 ἀπέδοτο
935 511 984 580 ἐπ’
1012 514 1158 600 έξαγωγὴ
1181 515 1220 580 ἐκ

213 624 375 705 Σικελίης.
421 622 527 688 τώυτὸ
555 618 592 687 δέ
618 631 716 688 τοῦτο
743 619 798 686 καί
821 620 971 705 Εὐβοέας
997 623 1075 698 τοὺς
1096 620 1133 686 έν
1157 625 1218 686 Σι-

212 730 304 813 κελίη
341 727 473 812 ἐποίησε
505 730 683 808 διακρίνας.
733 727 838 792 ἐποίεε
873 723 910 791 δὲ
944 735 1047 791 ταῦτα
1077 727 1219 804 τούτους

213 831 422 918 ἀμφοτέρους
447 837 588 918 νομίσας
615 836 721 918 δῆμον
744 828 829 898 εἶναι
852 837 1036 918 συνοίκημα
1058 833 1218 918 ἀχαριτώ-

212 961 321 1005 τατον.
365 941 504 1028 τοιούτῳ
533 937 593 1024 μέν
621 943 732 1025 τρόπῳ
760 941 923 1025 τύραννος
946 940 1093 1024 ἐγεγόνεε
1116 939 1219 1025 μέγας
1323 942 1324 946 ’

164 1045 241 1110 15ιὸ
260 1043 385 1112 Γέλων·
407 1049 480 1111 τότε
495 1044 525 1110 δ’
548 1046 592 1122 ὡς
610 1047 645 1110 οί
660 1047 794 1128 ἄγγελοι
811 1056 878 1110 τῶν
891 1043 1059 1130 Ἑλλήνων
1077 1046 1217 1113 ἀπίκατο
1323 1077 1324 1090 1

214 1152 247 1228 ές
273 1155 330 1230 τὰς
352 1153 584 1238 Συρηκούσας,
609 1151 764 1229 ἐλθόντες
786 1152 874 1240 αύτῷ
903 1153 936 1230 ές
957 1155 1078 1236 λόγους
1100 1155 1217 1236 ἔλεγον

213 1259 304 1323 τάδε·
332 1257 505 1341 ’Ἑπεμύαυ
536 1256 638 1342 ἡμέας
664 1259 925 1342 Λακεδαιμόνιοί
955 1261 1008 1340 [τε
1038 1257 1094 1323 καὶ
1117 1255 1217 1342 Ἀθη-

214 1368 315 1447 ναῖοι]
345 1363 400 1429 καὶ
427 1365 462 1429 οί
485 1365 613 1428 τούτων
640 1365 805 1449 σύμμαχοι
831 1363 1151 1448 παραλαμψομένους
1178 1382 1217 1431 σε

214 1472 296 1553 πρὸς
318 1472 376 1535 τὸν
400 1471 583 1555 βάρβαρον·
606 1471 665 1535 τὸν
687 1471 750 1553 γάρ
774 1469 907 1534 ἐπιόντα
930 1467 983 1534 ἐπὶ
1000 1471 1060 1552 τὴν
1074 1466 1216 1536 Ἑλλάδα

214 1578 345 1653 πάντως
363 1600 424 1641 κου
442 1576 640 1658 πυνθάνεαι,
660 1576 710 1640 ὅτι
724 1575 856 1661 Πέρσης
874 1575 957 1659 άνὴρ
976 1575 1086 1658 μέλλει
1104 1575 1216 1654 ζεύξας

214 1685 273 1749 τὸν
287 1680 531 1764 Ἑλλήσποντον
549 1680 603 1746 καί
622 1682 752 1764 ἐπάγων
770 1682 876 1746 πάντα
893 1683 952 1745 τὸν
970 1681 1060 1768 ἠῷον
1073 1684 1214 1768 στρατὸν

215 1789 250 1854 έκ
276 1799 334 1873 της
356 1783 465 1871 Ἀσίης
492 1790 768 1873 στρατηλατήσειν
795 1785 846 1852 ἐπὶ
873 1788 934 1869 τὴν
952 1784 1106 1870 Ἑλλάδα,
1135 1792 1215 1872 πρό-

215 1912 322 1980 σχημα
341 1892 401 1980 μὲν
423 1895 618 1979 ποιεύμενος
637 1894 682 1970 ὡς
700 1890 748 1958 ἐπ’
768 1889 911 1975 Ἀθήνας
932 1893 1071 1977 έλαύνει,
1090 1893 1127 1960 έν
1145 1898 1214 1982 νόῳ
1318 1940 1324 1953 .

217 1999 254 2067 δὲ
281 2004 365 2085 έχων
391 2010 501 2066 πᾶσαν
527 2002 589 2083 τὴν
612 1997 752 2064 Ἑλλάδα
778 1993 836 2063 ὑπ’
869 1997 979 2087 ἑωυτῷ
1002 2002 1214 2083 ποιήσασθαι.

216 2111 258 2172 σὺ
282 2105 318 2172 δὲ
342 2108 503 2192 δυνάμιός
524 2129 558 2171 τε
577 2103 668 2192 (γάρ)
691 2107 779 2190 ἡκεις
797 2105 944 2188 μεγάλως
965 2103 1019 2170 καί
1042 2107 1141 2190 μοῖρά
1162 2129 1215 2172 τοι

215 2223 271 2295 τῆς
290 2209 446 2289 Ἑλλάδος
469 2213 530 2278 ούκ
553 2211 704 2296 ἐλαχίστη
728 2210 807 2295 μέτα
834 2212 972 2295 ἄρχοντί
990 2235 1027 2294 γε
1051 2216 1214 2297 Σικελίης,

215 2319 335 2400 βοήθει
352 2341 387 2382 τε
403 2329 489 2382 τοῖσι
512 2317 725 2402 ἐλευθεροῦσι
747 2318 808 2399 τὴν
827 2313 967 2382 Ἑλλάδα
988 2315 1042 2382 καὶ
1061 2325 1214 2384 συνελευ-

143 2425 148 2436 ’
215 2421 329 2507 θέρου.
375 2423 455 2506 άλὴς
482 2420 542 2507 μὲν
569 2425 632 2508 γάρ
659 2422 820 2508 γενομένη
847 2432 935 2488 πᾶσα
960 2424 981 2507 ἡ
1004 2419 1119 2501 Ἑλλάς
1144 2423 1215 2511 χείρ
1323 2431 1324 2434 ’

216 2529 337 2614 μεγάλη
352 2529 539 2611 συνάγεται,
553 2527 608 2593 καὶ
622 2529 792 2613 ἀξιόμαχοι
805 2531 967 2614 γινόμεθα
976 2541 1062 2594 τοῖσι
1072 2530 1215 2596 ἐπιοῦσι·
1323 2569 1324 2604 1

215 2635 257 2719 ἡν
281 2631 318 2700 δὲ
340 2633 449 2718 ἡμέων
473 2635 508 2699 οί
527 2631 587 2718 μέν
610 2636 885 2720 καταπροδιδῶσι,
910 2637 945 2700 οί
965 2632 1002 2700 δὲ
1024 2638 1067 2720 μὴ
1090 2637 1215 2702 θέλωσι

131 2726 134 2732 ’
215 2741 401 2826 τιμωρέειν,
433 2742 470 2805 τὸ
503 2737 540 2805 δὲ
572 2740 726 2824 ὑγιαῖνον
761 2751 818 2824 τῆς
845 2739 1002 2818 Ἑλλάδος
1036 2733 1057 2827 ἡ
1090 2743 1215 2826 ὀλίγον,

214 2858 312 2914 τοῦτο
337 2843 374 2912 δὲ
396 2848 459 2930 ἡδη
484 2847 596 2910 δεινὸν
618 2848 744 2929 γίνεται
767 2847 810 2931 μὴ
833 2845 915 2932 πέση
938 2839 1026 2912 πᾶσα
1053 2846 1073 2930 ἡ
1092 2843 1214 2926 Ἑλλάς.

215 2956 258 3038 μὴ
286 2956 348 3038 γάρ
377 2953 526 3037 έλπίσης,
553 2947 596 3035 ἡν
624 2950 725 3036 ἡμέας
755 2951 1016 3036 καταστρέψηται
1042 2952 1060 3018 ὁ
1084 2953 1217 3039 Πέρσης
1319 2939 1324 2952 ⁴

215 3061 299 3145 μάχη
327 3061 505 3142 κρατησας,
535 3059 578 3134 ὡς
606 3056 680 3124 οὐκὶ
707 3059 776 3140 ἡξει
798 3061 886 3142 παρὰ
909 3059 948 3124 σέ
967 3083 1020 3141 γε,
1048 3058 1130 3124 ἀλλὰ
1151 3063 1215 3146 πρὸ
1323 3055 1324 3088 ³

213 3166 334 3229 τούτου
353 3163 509 3248 φύλαξαι·
533 3163 687 3247 βοηθέων
705 3167 767 3249 γάρ
786 3164 864 3248 ἡμίν
884 3173 1015 3252 σεωυτῷ
1034 3163 1215 3249 τιμωρέεις·

213 3277 258 3356 τῷ
283 3266 319 3333 δέ
343 3265 380 3334 εὖ
404 3269 622 3353 βουλευθέντι
644 3273 810 3356 πρηγματι
827 3271 959 3353 τελεντὴ
978 3271 1023 3346 ὡς
1040 3271 1077 3336 τὸ
1096 3270 1216 3336 ἐπίπαν

164 3393 213 3443 158
223 3375 345 3460 χρηστὴ
383 3374 490 3440 έθέλει
522 3375 738 3458 ἐπιγίνεσθαι.
789 3376 824 3440 οί
857 3372 918 3458 μὲν
950 3384 1052 3440 ταῦτα
1089 3379 1215 3462 ἔλεγον,
1323 3371 1324 3422 3

215 3479 327 3548 Γέλων
365 3477 402 3543 δὲ
437 3482 557 3556 πολλὸς
594 3480 734 3546 ἐνέκειτο
771 3479 876 3564 λέγων
912 3481 1041 3546 τοιάδε·
1077 3479 1217 3568 ’Ἄνδρες
