2572 3980
193 237 238 300 24
610 230 798 286 εεεοοοοι

191 379 282 462 ὑμῖν,
306 378 374 464 ὅσῳ
396 374 574 461 προέστατε
596 383 653 459 τής
666 371 832 452 Ἑλλάδος.
854 384 919 440 νῦν
937 369 984 440 ὧν
1002 375 1085 458 πρὸς
1102 379 1198 439 θεῶν

192 494 258 548 τῶν
272 479 452 564 Ἑλληνίων
472 480 621 565 ῥύσασθε
630 480 749 557 Ἴωνας
772 479 808 545 ἐκ
831 480 1048 563 δουλοσύνης,
1073 481 1201 564 ἄνδρας

196 589 387 673 ὁμαίμονας.
410 586 569 664 εὐπετέως
588 583 625 652 δὲ
638 587 718 672 ὑμῖν
731 595 834 652 ταῦτα
848 578 901 652 οἷοί
915 609 949 650 τε
963 584 1101 670 χωρέειν
1115 585 1197 651 ἐστί·

195 695 271 760 οὔτε
293 695 355 779 γὰρ
379 693 415 759 οί
435 693 598 778 βάρβαροι
620 693 754 776 ίίλκιμοί
770 694 843 774 είσι,
867 691 960 776 ὑμεῖς
976 714 1012 756 τε
1029 693 1069 756 τὰ
1087 689 1121 767 ές
1138 692 1198 756 τὸν

194 803 338 884 πόλεμον
357 799 390 876 ές
407 800 447 864 τδι
470 797 605 883 μέγιστα
623 796 758 880 ἀνήκετε
775 797 891 882 ἀρετῆς
908 796 992 880 πέρι.
1020 797 1041 878 ή
1058 820 1094 861 τε
1112 797 1199 882 μα’χη

196 906 306 972 αὐτῶν
324 905 393 972 ἐστι
410 904 533 986 τοιήδε,
555 901 633 980 τόξα
650 900 706 967 καὶ
725 904 822 986 αἰχμή
841 901 977 988 βραχέα·
1000 901 1200 987 ἀναξυρίδας

196 1009 233 1078 δέ
247 1015 377 1097 ἔχοντες
395 1013 545 1095 ἔρχονται
563 1007 597 1084 ές
609 1011 667 1086 τὰς
681 1009 784 1092 μάχας
797 1006 851 1072 καὶ
865 1011 1046 1092 κυρβασίας
1059 1006 1111 1074 ἐπὶ
1124 1017 1201 1093 τήσι

195 1122 365 1202 κεφαλῇσι.
398 1115 484 1180 οὕτω
507 1111 654 1189 εὐπετέες
672 1117 878 1198 χειρωθήναί
893 1116 965 1180 είσι.
1002 1118 1070 1179 ἔστι
1089 1112 1126 1182 δὲ
1144 1114 1201 1181 καὶ

195 1224 307 1306 ἀγαθὰ
329 1232 415 1287 τοῖσι
432 1221 494 1304 τήν
511 1221 648 1304 ήπειρον
668 1219 797 1303 ἐκείνην
810 1219 1022 1303 νεμομένοισι
1039 1221 1101 1286 ὅσα
1119 1217 1201 1286 οὐδὲ

195 1340 280 1395 τοῖσι
301 1327 467 1393 συνάπασι
484 1327 624 1406 ἄλλοισι,
648 1324 710 1389 ἀπὸ
724 1333 850 1408 χρυσοῦ
864 1324 1086 1410 ἀρξαμένοισι,
1100 1327 1200 1411 ἄργυ·

196 1458 254 1522 ρος
276 1431 331 1498 καὶ
353 1433 471 1517 χαλκὸς
492 1428 548 1496 καλ
571 1430 673 1513 ἐσθής
692 1433 823 1512 ποικίλη
842 1428 897 1495 καὶ
914 1431 1074 1514 ὑποζύγιά
1092 1455 1127 1498 τε
1145 1431 1202 1498 καὶ

195 1539 403 1625 ἀνδράποδα·
439 1537 479 1600 τὰ
515 1542 614 1622 θυμῷ
652 1538 851 1620 βουλόμενοι
886 1535 981 1601 αὐτοὶ
1013 1535 1054 1602 ἄν
1086 1541 1201 1623 ἔχοιτε.

195 1648 404 1726 κατοίκηνται
443 1638 480 1707 δὲ
516 1641 667 1732 ἀλλήλων
703 1641 854 1726 ἐχόμενοι
890 1641 934 1718 ὡς
970 1643 1034 1726 ἐγὼ
1070 1645 1201 1729 φριίσω,

192 1749 314 1818 Ἰώνων
347 1745 407 1832 μὲν
438 1749 543 1812 τῶνδε
576 1748 646 1812 οίδε
673 1749 797 1830 Λυδοί,
829 1747 991 1825 οἰκέοντές
1022 1771 1057 1814 τε
1087 1751 1202 1836 χώρην

196 1857 327 1942 ἀγαθήν
345 1852 399 1918 καὶ
416 1853 730 1940 πολυαργυρώτατοι
749 1853 865 1930 ἐόντες.
905 1855 1036 1930 δεικνὺς
1054 1852 1091 1919 δὲ
1110 1859 1203 1940 ἔλεγε

195 1973 298 2028 ταῦτα
325 1961 358 2038 ές
385 1969 441 2044 τής
467 1969 527 2044 γῆς
553 1961 614 2043 τήν
640 1961 812 2044 περίοδον,
840 1960 901 2044 τήν
929 1959 1063 2045 ἐφέρετο
1091 1961 1128 2026 ἐν
1154 1971 1201 2050 τῷ

195 2073 308 2134 πίνακι
327 2065 573 2152 ἐντετμημένην.
610 2066 734 2131 Λυδῶν
752 2064 799 2147 δέ,
818 2067 881 2149 ἔφη
897 2065 1003 2148 λέγων
1021 2065 1040 2132 ὁ
1055 2064 1201 2148 Ἀριστα-

196 2178 310 2258 γόρης,
342 2173 412 2239 οίδε
440 2175 570 2257 ἔχονται
600 2171 729 2256 Φρύγες
756 2170 792 2234 οί
810 2172 893 2256 πρὸς
919 2172 980 2254 τήν
1006 2171 1072 2254 ήῶ,
1099 2179 1203 2238 πολυ-

195 2280 446 2364 προβατώτατοί
473 2301 508 2342 τε
538 2277 647 2351 ἐόντες
682 2275 815 2340 πάντων
846 2287 913 2340 τῶν
945 2277 1008 2360 ἐγὼ
1041 2272 1127 2348 οἶδαΙ
1146 2279 1204 2344 καὶ

195 2385 487 2467 πολυκαρπότατοι.
522 2387 666 2465 Φρυγῶν
680 2379 717 2446 δὲ
731 2383 861 2465 ἔχονται
874 2385 1104 2466 Καππαδόκαι,
1122 2388 1204 2463 τοὺς

196 2490 288 2574 ἡμεῖς
302 2491 449 2572 Συρίους
462 2486 636 2569 καλέομεν·
650 2487 797 2552 τούτοισι
812 2484 848 2553 δὲ
861 2491 1044 2573 πρόσουροι
1057 2493 1202 2575 Κίλικες,

195 2595 390 2676 κατήκοντες
421 2589 473 2658 ἐπὶ
500 2591 674 2657 θάλασσαν
703 2595 817 2676 τήνδε,
849 2593 886 2658 ἐν
912 2603 951 2678 τῇ
978 2595 1038 2677 ήδε
1065 2597 1204 2682 Κύπρος

196 2711 297 2785 νήσας
318 2698 437 2764 κέεται·
461 2701 496 2762 οἳ
515 2700 711 2763 πεντακόσια
733 2699 875 2764 τάλαντα
899 2699 1028 2782 βασιλέϊ
1049 2702 1108 2767 τὸν
1131 2703 1203 2768 ἐπέ-

196 2831 285 2873 τειον
318 2808 426 2891 φόρον
457 2803 646 2868 ἐπιτελεῦσι.
691 2808 838 2870 Κιλίκων
868 2801 905 2870 δὲ
934 2807 1039 2872 τῶνδε
1072 2810 1203 2892 ἔχονται
1279 2799 1280 2850 ό

193 2901 357 2997 ’Λρμένιοι
381 2911 460 2989 οἵδε,
484 2907 538 2972 καὶ
562 2904 654 2974 οὗτοι
677 2910 787 2987 ἐόντες
809 2915 1069 2997 πολυπρόβατοι,
1090 2907 1204 2999 Ἁρμε·

197 3023 280 3083 νίων
312 3014 348 3082 δὲ
370 3013 537 3098 Ματιηνοὶ
570 3017 680 3101 χώρην
712 3018 811 3100 τήνδε
844 3019 981 3101 ἔχοντες.
1027 3022 1133 3103 ἔχεται
1165 3019 1203 3086 δὲ

196 3123 324 3190 τούτων
346 3130 387 3205 γή
410 3122 469 3205 ήδε
487 3124 620 3205 Κισσίη,
644 3121 681 3186 ἐν
703 3130 742 3206 τῇ
766 3123 807 3205 δή
831 3125 919 3208 παρὰ
939 3126 1086 3209 ποταμὸν
1104 3129 1203 3192 τόνδε

6 3223 9 3304 ζ
127 3238 130 3243 ’
198 3228 356 3312 Χοάσπην
386 3228 518 3311 κείμενοί
545 3227 613 3292 ἐστι
642 3229 681 3291 τὰ
708 3231 825 3292 Σοῦσα
852 3238 969 3312 ταῦτα,
997 3233 1079 3295 ἔνθα
1109 3235 1203 3314 βασι-

198 3338 273 3410 λεύς
295 3357 328 3399 τε
352 3334 451 3418 μέγας
474 3335 603 3398 δίαιταν
628 3332 782 3416 ποιέεται,
805 3331 860 3398 καὶ
882 3345 949 3399 τῶν
971 3337 1147 3420 χρημάτων
1170 3349 1203 3403 ολ

8 3473 9 3480 1
121 3481 126 3491 ·
197 3437 364 3526 θησαυροὶ
391 3441 537 3505 ἐνθαῦτά
560 3441 635 3504 είσι·
664 3437 793 3515 ἑλόντες
816 3435 854 3505 δὲ
876 3441 998 3522 ταύτην
1020 3443 1081 3525 τήν
1103 3445 1202 3509 πόλιν
