2678 3968
442 259 507 316 ΜΒ.
522 261 594 316 vm.
632 261 709 316 cAP.
729 268 848 318 ει-ει.
1083 261 1147 324 277

149 399 343 480 ἐλάσσονας·
360 413 458 470 τοῦτο
478 402 515 470 δὲ
533 403 682 482 ἀπολέεις
695 405 869 490 Σαλαμῖνά
886 428 921 470 τε
938 403 993 470 καλ
1006 403 1148 490 Μέγαρα

149 505 204 571 καὶ
227 515 384 593 Αἴγιναν,
411 512 454 596 ήν
476 531 537 596 περ
564 509 618 576 καὶ
640 513 680 576 τά
702 513 784 576 ἄλλα
807 511 1045 596 εὐτυχήσωμεν.
1081 511 1148 596 άμα

147 614 211 696 γάρ
239 622 283 702 τῷ
311 623 454 704 ναυτικῷ
483 617 593 681 αὐτῶν
619 615 730 695 έήεται
757 613 812 681 καὶ
839 616 857 682 ό
884 617 977 695 πεζὸς
999 620 1146 703 στρατός,

148 717 203 783 καὶ
230 720 316 786 οὕτω
345 721 448 806 σφέας
475 723 573 800 αὐτὸς
600 722 686 801 ἄξεις
713 721 766 788 ἐπὶ
792 724 854 806 τήν
876 724 1146 805 Πελοπόννησον,

148 826 374 904 κινδυνεύσεις
394 851 429 892 τε
448 827 555 913 ἁπάσῃ
574 837 613 913 τῷ
631 827 772 895 Ἑλλάδι.
807 827 850 912 ήν
870 824 906 894 δὲ
923 829 963 892 τά
981 828 1044 911 ἐγὼ
1062 826 1146 912 λέγω
1166 835 1183 906 β

148 934 295 1017 ποιήσῃς,
327 934 452 999 τοσάδε·
473 933 510 999 ἐν
537 933 665 1000 αὐτοῖσι
692 937 815 1021 χρηστά
842 934 1006 1018 εὑρήσεις·
1035 944 1147 1019 πρώτα

148 1033 209 1120 μὲν
232 1037 268 1103 ἐν
291 1048 407 1126 στεινῷ
432 1040 674 1124 συμβάλλοντες
696 1038 795 1124 νηυσί
819 1041 948 1126 ὀλίγῃσι
969 1040 1052 1125 πρὸς
1070 1044 1147 1104 πολ-

148 1143 220 1226 λάς,
248 1143 291 1227 ήν
316 1145 356 1208 τά
384 1147 496 1210 οἰκότα
525 1145 560 1211 ἐκ
586 1155 647 1211 τοῦ
674 1144 818 1230 πολέμου
847 1145 997 1231 ἐκβαίνῃ,
1024 1146 1148 1210 πολλὸν

147 1251 366 1334 κρατήσομεν·
388 1252 424 1315 τὸ
446 1253 508 1337 γάρ
532 1251 569 1316 ἐν
587 1260 703 1340 στεινῷ
723 1251 921 1336 ναυμαχέειν
938 1252 1020 1336 πρὸς
1037 1249 1148 1336 ἡμέων

149 1353 228 1436 ἐστί,
247 1354 284 1419 ἐν
302 1355 485 1443 εὐρυχωρίῃ
506 1354 542 1422 δέ
560 1359 642 1442 πρὸς
660 1358 803 1423 ἐκείνων.
838 1352 930 1434 αὐτις
948 1353 985 1422 δέ
999 1354 1149 1441 Σαλαμὶς

148 1463 362 1544 περιγίνεται,
390 1461 424 1539 ἐς
445 1465 506 1546 τήν
527 1463 607 1548 ἡμῖν
630 1463 817 1529 ὐπεκκέεται
839 1462 937 1529 τέκνα
958 1486 993 1527 τε
1015 1460 1069 1527 καὶ
1091 1485 1148 1545 γυ-

148 1576 266 1642 ναῖκες.
311 1565 366 1632 καὶ
393 1565 454 1652 μέν
481 1567 536 1634 καλ
557 1571 633 1634 τόδε
656 1569 693 1634 ἐν
716 1569 845 1634 αὐτοῖσι
867 1571 988 1652 ἔνεστι,
1011 1577 1072 1634 τοῦ
1093 1564 1148 1632 καὶ

148 1671 339 1757 περιέχεσθε
361 1674 514 1757 μάλιστα·
546 1673 668 1758 δμοίως
690 1674 794 1738 αὐτοῦ
814 1697 849 1739 τε
872 1673 982 1759 μένων
1004 1695 1148 1759 προναυ-

149 1780 304 1862 μαχήσεις
332 1780 594 1862 Πελοποννήσου
624 1777 679 1842 καλ
710 1780 791 1862 πρὸς
824 1787 870 1866 τῷ
898 1777 1037 1866 Ἰσθμῷ,
1070 1777 1151 1843 οὐδέ

148 1900 268 1967 σφεας,
296 1889 329 1948 εί
351 1907 412 1968 περ
440 1879 477 1950 εὖ
505 1883 671 1969 φρονέεις,
699 1883 785 1962 άξεις
813 1882 865 1950 ἐπὶ
891 1886 952 1968 τήν
978 1884 1148 1949 Πελοπόν-

148 2007 262 2071 νησον.
298 1989 341 2074 ήν
364 1989 403 2056 δέ
423 2015 461 2074 γε
483 1989 538 2054 καί
560 1992 600 2055 τά
617 1989 681 2073 ἐγὼ
701 1990 815 2068 ἐλπίζω
834 1989 968 2073 γένηται
986 1987 1040 2054 καὶ
1058 1993 1182 2074 νικήγ

149 2111 259 2178 σωμεν
277 2105 351 2180 τῇσι
364 2099 474 2180 νηυσί,
494 2096 570 2161 οὐτε
588 2096 668 2180 ὑμῖν
682 2096 715 2172 ἐς
727 2097 787 2160 τὸν
798 2091 934 2180 Ἰσθμὸν
950 2093 1149 2182 παρέσονται

150 2201 186 2266 οί
206 2201 366 2288 βάρβαροι
389 2202 466 2268 οὐτε
488 2204 712 2285 προβήσονται
736 2199 897 2288 ἑκαστέρω
919 2211 977 2287 τῆς
996 2199 1148 2286 Ἀττικῆς,

150 2306 267 2371 ἀπίασί
294 2330 329 2373 τε
357 2305 471 2373 οὐδενὶ
497 2309 624 2395 κόσμφ,
651 2307 842 2393 Μεγάροισί
864 2331 900 2374 τε
930 2307 1149 2394 κερδανέομεν

149 2422 317 2498 περιεοῦσι
343 2411 398 2480 καλ
420 2416 542 2500 Αἰγίνῃ
569 2411 623 2479 καὶ
646 2417 826 2500 Σαλαμῖνι,
858 2414 896 2480 ἐν
924 2423 963 2500 τῷ
989 2415 1068 2500 ἡμῖν
1093 2412 1149 2479 καὶ

150 2521 265 2602 λόγιόν
288 2519 356 2585 ἐστι
378 2529 445 2585 τῶν
468 2520 600 2606 ἐχθρῶν
622 2521 807 2606 κατύπερθε
829 2519 995 2604 γενέσθαι.
1036 2521 1148 2585 οίκότα

149 2623 211 2710 μέν
242 2649 306 2692 νυν
342 2628 612 2711 βουλευομένοισι
644 2626 851 2710 ἀνθρώποισι
885 2625 929 2702 ὡς
959 2628 996 2690 τὸ
1028 2625 1148 2690 ἐπίπαν

149 2731 258 2798 ἐθέλει
289 2735 462 2816 γίνεσθαι·
497 2733 541 2816 μή
574 2728 612 2797 δὲ
643 2734 754 2797 οίκότα
785 2730 1056 2816 βουλευομένοισι
1087 2731 1149 2795 οὐκ

149 2838 258 2904 ἐθέλει
281 2835 361 2904 οὐδὲ
383 2838 402 2903 δ
424 2839 504 2915 θεὸς
521 2835 743 2923 προσχωρέειν
760 2838 843 2921 πρὸς
859 2837 917 2912 τάς
935 2835 1149 2922 ἀνθρωπηίας

149 2946 290 3030 γνώμας.
325 2953 426 3010 ταῦτα
449 2942 602 3027 λέγοντος
620 2939 855 3027 Θεμιστοκλέος
875 2936 967 3017 αὖτις
990 2941 1147 3024 δΚορίν-
1166 2961 1196 3007 ει

147 3057 225 3128 θιος
244 3045 452 3133 Ἀδείμαντος
476 3047 665 3134 ἐπεφέρετο,
693 3057 790 3130 σιγᾶν
812 3071 847 3112 τε
870 3047 1013 3111 κελεύων
1034 3055 1080 3134 τῷ
1103 3048 1147 3131 μή

149 3159 217 3220 ἔστι
235 3154 352 3239 πατρὶς
369 3154 424 3221 καλ
440 3155 655 3241 Εὐρυβιάδην
674 3153 735 3218 οὐκ
753 3153 817 3218 ἐῶν
831 3151 1037 3236 ἐπιψηφίζειν
1051 3151 1148 3217 ἀπόλι

148 3261 260 3345 άνδρί·
282 3264 380 3327 πόλιν
403 3263 466 3346 γάρ
488 3261 547 3325 τὸν
571 3256 790 3342 Θεμιστοκλέα
812 3261 1037 3343 παρεχόμενον
1061 3258 1147 3324 οὕτω

148 3364 276 3432 ἐκέλευε
298 3369 430 3452 γνώμας
453 3365 709 3450 συμβάλλεσθαι.
749 3371 850 3429 ταῦτα
869 3361 909 3429 δέ
925 3363 958 3429 οί
974 3361 1146 3450 προέφερε,

149 3472 200 3536 δτι
226 3471 395 3555 ἡλώκεσάν
417 3493 451 3541 τε
479 3469 533 3536 καὶ
560 3473 749 3554 κατείχοντο
773 3466 918 3554 Ἀθῆναι.
964 3472 1035 3536 τότε
1064 3470 1146 3554 δήδ
