2678 3970
200 245 267 308 210
613 243 802 300 HERODOTI

201 387 296 452 στάσι
324 385 532 466 ἑσσωθέντες.
582 391 720 466 τούτους
747 385 794 454 ὧν
821 390 840 455 δ
871 392 1025 473 Τηλίνης
1040 392 1208 474 κατήγαγε

200 599 328 665 τούτων
350 610 417 665 τῶν
439 607 539 666 θεῶν.
576 602 657 667 ὅθεν
681 597 718 666 δὲ
741 601 825 668 αὐτὰ
843 601 976 685 ἐλαβεή
996 601 1094 676 αὐτὸς
1112 599 1207 684 ἐκτή·

201 719 293 788 σατο,
315 715 413 772 τοῦτο
437 704 474 772 δὲ
497 707 558 772 ούκ
581 709 643 790 έχω
667 709 779 774 είπεῑν.
815 709 962 773 τούτοισι
985 700 1015 770 δ’
1043 700 1090 770 ὧν
1107 708 1205 770 πίσυ-

200 834 259 888 νος
286 811 350 877 ἐὼν
377 816 554 896 κατήγαγε,
583 809 631 878 ἐπ’
658 805 684 901 ᾦ
707 836 742 878 τε
769 815 805 878 οί
825 813 984 896 άπόγονοι
1007 813 1110 878 αὐτοῦ
1134 812 1205 897 ίρο-

201 918 324 1002 φάνται
352 929 419 983 τῶν
445 924 536 983 θεῶν
564 921 703 984 ἔσονται.
748 920 847 1003 θῶμά
869 943 926 1004 μοι
954 913 1001 982 ὧν
1027 915 1205 984 καὶτοῦτο
1319 927 1322 940 “

199 1022 318 1107 γέγονε
343 1025 426 1109 πρὸς
447 1024 487 1088 τά
509 1023 738 1108 πυνθάνομαι,
762 1025 1031 1110 κατεργάσασθαι
1057 1027 1206 1108 Τηλίνην
1321 1067 1322 1072 1

200 1132 300 1214 ἔργον
326 1137 480 1194 τοσοῦτο·
512 1130 552 1192 τά
578 1138 714 1194 τοιαῦτα
740 1131 803 1215 γάρ
832 1133 910 1216 ἔργα
937 1129 979 1194 ού
1005 1131 1088 1215 πρὸς
1116 1132 1202 1211 [τοῦ]

200 1237 344 1312 ἅπαντος
366 1235 488 1320 ἀνδρὸς
510 1237 668 1318 νενόμικα
689 1239 859 1319 γίνεσθαι,
888 1236 970 1302 άλλά
992 1237 1075 1322 πρὸς
1096 1245 1206 1320 ψυχῆς

199 1365 235 1407 τε
264 1342 392 1424 ἀγαθῆς
422 1339 477 1405 καλ
504 1339 615 1424 ῥώμης
646 1339 819 1426 ἀνδρηίης·
856 1342 874 1408 ὁ
902 1340 939 1407 δέ
966 1341 1094 1426 λέγεται
1120 1345 1205 1426 πρὸς

199 1456 257 1531 της
287 1449 442 1528 Σικελίης
471 1456 538 1510 τῶν
571 1447 752 1529 οἰκητόρων
787 1448 828 1510 τά
863 1447 1042 1512 ὑπεναντία
1073 1449 1203 1513 τούτων

200 1553 382 1636 πεφυκέναι
407 1552 594 1636 θηλυδρίης
611 1573 645 1616 τε
663 1549 718 1616 καὶ
737 1553 964 1638 μαλακώτερος
982 1553 1075 1637 άνήρ.
1113 1555 1203 1619 οὕτω
1321 1611 1322 1614 ,

148 1675 198 1724 154
209 1659 270 1744 μέν
292 1683 356 1724 ννν
378 1657 534 1741 ἐκτήσατο
556 1665 653 1724 τοῦτο
675 1659 713 1722 τὸ
731 1657 844 1743 γέρας·
868 1659 1063 1746 Κλεάνδρου
1087 1657 1124 1726 δὲ
1140 1669 1204 1725 τοῦ
1321 1665 1322 1714 ἒ

200 1765 393 1849 Παντάρεος
421 1766 675 1846 τελευτήσαντος
704 1763 764 1828 τὸν
795 1767 886 1847 βίον,
916 1763 952 1840 δς
984 1763 1203 1850 ἐτυράννευσε

200 1867 261 1956 μὲν
292 1870 395 1954 Γέλης
432 1867 510 1935 ἕπτδι
548 1872 619 1934 ἔτεα
626 1917 636 1951 ,
673 1868 819 1935 άπέθανε
852 1867 889 1935 δέ
926 1870 989 1936 ὑπὸ
1022 1873 1203 1954 Σαβύλλου
1313 1909 1322 1976 ⁴}

200 1979 323 2064 ἀνδρὸς
342 1975 485 2064 Γελῴου,
509 1975 656 2040 ἐνθαῦτα
675 1976 898 2062 ἀναλαμβάνει
915 1979 976 2060 τὴν
995 1981 1203 2063 μουναρχίην

195 2081 423 2165 Ἱπποκράτης,
455 2081 651 2166 Κλεάνδρου
684 2081 748 2146 ἐὼν
780 2081 947 2166 άδελφεός.
998 2087 1131 2169 ἔχοντος
1165 2081 1202 2150 δὲ

196 2186 423 2272 Ἱπποκράτεος
451 2187 512 2270 τήν
543 2188 726 2273 τυραννίδα
758 2186 775 2252 ὁ
803 2187 930 2272 Γέλων,
959 2189 1022 2254 ἐὼν
1054 2193 1202 2272 Τηλίνεω

200 2303 260 2359 τοῦ
280 2294 464 2376 ἱροφάντεω
478 2292 652 2375 άπόγονος,
670 2297 803 2358 πολλῶν
817 2289 885 2377 μετ’
901 2295 1011 2359 ἄλλων
1028 2294 1084 2360 καὶ
1098 2298 1202 2379 Αίνη-

201 2399 343 2482 σιδήμου
379 2407 439 2462 τοῦ
468 2401 639 2462 Παταίκου
673 2398 709 2474 ὃς
739 2394 782 2482 ήν
815 2401 1004 2484 δορυφόρος
1030 2398 1202 2488 Ἱπποκρά-

200 2529 273 2582 τεος
287 2554 294 2568 .
310 2554 339 2569 ..
376 2503 455 2587 μετά
484 2500 521 2566 δὲ
549 2503 590 2566 οὐ
618 2505 742 2568 πολλὸν
769 2507 892 2589 χρόνον
921 2503 964 2570 δι’
995 2506 1114 2591 άρετήν
1142 2508 1201 2572 άπ-

200 2611 321 2696 εδέχδη
340 2609 445 2692 πάσης
462 2616 518 2691 τῆς
536 2608 638 2672 ἵππου
656 2603 741 2673 εἶναι
757 2609 931 2694 ἵππαρχος·
949 2611 1203 2696 πολιορκέοντος

200 2720 263 2804 γάρ
292 2714 520 2798 Ἱπποκράτεος
546 2717 788 2792 Καλλιπολίτας
820 2739 855 2781 τε
888 2714 943 2780 καλ
969 2717 1116 2795 Ναξίους
1145 2717 1202 2784 καλ

201 2825 405 2907 Ζαγκλαίους
426 2842 461 2885 τε
483 2818 539 2884 καλ
561 2823 763 2898 Λεοντίνους
788 2820 843 2886 καὶ
865 2823 947 2906 πρὸς
969 2827 1204 2908 Συρηκοσίους

199 2951 235 2994 τε
258 2927 399 2993 καὶτῶν
422 2925 600 3011 βαρβάρων
623 2929 766 3011 συχνούς
789 2927 872 3012 άνήρ
896 2926 1049 3011 ἐφαίνετο
1070 2929 1108 2995 ἐν
1124 2933 1202 2996 τού·
1310 2927 1322 2946 “

199 3050 286 3099 τοισι
308 3044 393 3098 τοῖσι
415 3030 587 3116 πολέμοισι
610 3031 673 3098 ἐὼν
696 3032 846 3098 όΓέλων
864 3037 1097 3118 λαμπρότατος.
1133 3047 1204 3102 τῶν
1321 3067 1322 3106 1

201 3136 239 3202 δὲ
265 3134 358 3204 εἷπον
385 3141 511 3204 πολίων
533 3139 660 3204 τούτων
686 3141 772 3223 πλὴν
794 3139 1039 3225 Συρηκουσέων
1062 3141 1202 3226 οὐδεμία
1321 3191 1322 3210 ,

201 3243 349 3326 ἀπέφυγε
370 3245 579 3328 δουλοσύνην
601 3247 682 3330 πρὸς
700 3242 934 3330 Ἱπποκράτεος.
970 3250 1203 3332 Συρηκοσίους

201 3344 239 3412 δέ
257 3351 440 3432 Κορίνθιοί
454 3373 489 3415 τε
506 3349 561 3415 καὶ
577 3355 776 3436 Κερκυραῖοι
795 3351 976 3436 ἐρρύσαντο
995 3352 1080 3438 μάχη
1099 3352 1202 3418 ἕσσω·
1321 3355 1322 3396 ³

199 3452 322 3530 θέντας
349 3452 401 3518 ἐπὶ
427 3464 561 3544 ποταμῷ
582 3451 725 3544 Ἐλάρφ·
759 3456 942 3542 ἐρρύσαντο
971 3454 1008 3522 δέ
1033 3453 1125 3524 οὗτοι
1148 3457 1204 3524 ἐπὶ
