2572 3980
425 229 491 284 LIB.
508 229 540 283 V.
577 229 653 286 CAP.
675 237 795 287 17—20.
1078 235 1101 298 9

94 368 147 434 καί
172 370 278 451 ὁρέων
301 380 416 456 ταῦτα,
439 373 494 438 άτε
518 372 592 450 νέος
614 398 648 440 τε
671 375 735 441 ἐὼν
757 374 810 440 καὶ
830 387 939 442 κακῶν
958 377 1101 462 ἀπαθής,

94 477 249 560 οὐδαμῶς
280 479 327 542 ἔτι
359 477 507 563 κατέχειν
539 471 608 556 οἷός
639 503 673 545 τε
696 476 753 564 ἦν,
789 482 873 548 ὥστε
906 479 942 549 δὲ
975 482 1102 567 βαρέως

93 587 208 670 φέρων
237 578 307 649 εἶπε
333 585 416 667 πρὸς
439 581 603 669 Ἀμύντην
629 586 721 651 τάδε·
753 591 806 652 Σὺ
834 588 910 672 μέν,
939 584 965 654 ὦ
987 590 1100 674 πάτερ,

92 685 158 754 εἶκε
192 698 231 774 τῇ
263 689 372 774 ἡλικίῃ
401 689 508 756 ἀπιών
534 714 570 756 τε
597 691 764 758 ἀναπαύεο
792 693 874 778 μηδὲ
901 694 1035 779 λιπάρεε
1061 704 1101 780 τῃ

91 799 185 861 πόσι·
204 796 268 878 ἐγὼ
285 792 322 860 δέ
340 795 538 881 προσμένων
550 797 660 863 αὐτοῦ
678 800 755 882 τῇδε
773 799 879 863 πάντα
893 801 932 864 τά
947 800 1101 882 ἐπιτήδεα

91 901 223 987 παρέξω
251 911 337 967 τοῖσι
364 901 510 980 ξείνοισι.
554 905 638 986 πρὸς
664 913 767 968 ταῦτα
796 901 922 981 συνιεὶς
941 902 1102 991 Ἀμύντης
1134 933 1137 946 ·

65 1051 67 1053 -
92 1009 142 1072 ὅτι
176 1009 321 1092 νεώτερα
347 1009 520 1094 πρήγματα
547 1011 708 1092 πρήσσειν
735 1008 848 1094 μέλλοι
876 1005 1101 1093 Ἀλέξανδρος,

91 1112 194 1197 λέγει·
218 1104 257 1178 Ὦ
284 1123 357 1196 παῖ,
386 1114 506 1198 σχεδὸν
528 1105 592 1198 γάρ
615 1132 675 1180 σευ
698 1114 940 1200 ἀνακαιομένου
964 1119 1102 1200 συνίημι

90 1223 171 1297 τοὺς
193 1223 323 1303 λόγους,
347 1220 398 1286 ὅτι
421 1219 548 1296 ἐθέλεις
571 1217 626 1304 ἐμέ
645 1220 811 1305 ἐκπέμψας
827 1219 953 1286 ποιέειν
971 1245 1003 1286 τι
1021 1222 1101 1288 νεώ-

90 1344 203 1410 τερον·
245 1325 309 1408 ἐγὼ
346 1319 394 1390 ὧν
430 1341 489 1390 σευ
520 1329 640 1412 χρηίζω
673 1324 778 1410 μηδέν
811 1337 997 1411 νεοχμῶσαι
1028 1322 1100 1392 κατ’

78 1425 218 1516 ’ἀνδρας
239 1432 389 1514 τούτους,
413 1431 469 1496 ἴνα
492 1433 535 1516 μὴ
559 1432 716 1518 ἐξεργάσῃ
739 1431 856 1517 ἡμέας,
880 1433 961 1498 ἀλλά
984 1431 1102 1517 ἀνέχευ

91 1537 199 1623 ὁρέων
223 1539 261 1602 τά
283 1538 476 1621 ποιεύμενα·
500 1535 585 1621 ἀμφὶ
608 1535 646 1603 δέ
669 1538 782 1626 ἀπόδῳ
805 1547 844 1624 τῃ
863 1539 924 1624 ἐμῇ
946 1541 1104 1622 πείσομαί

90 1668 151 1709 τοι.
195 1643 239 1719 ὡς
263 1638 299 1708 δέ
323 1642 340 1708 δ
360 1639 520 1727 Ἀμύντης
542 1647 679 1730 χρηίσας
698 1646 827 1709 τούτων
846 1646 990 1729 οἰχώκεε,
1013 1644 1100 1728 λέγει
1118 1666 1156 1714 κο

91 1751 109 1816 ὁ
130 1743 344 1834 Ἀλέξανδρος
370 1750 453 1833 πρὸς
479 1737 558 1826 τοὺς
585 1749 732 1833 Πέρσας·
759 1753 934 1815 Γυναικῶν
961 1751 1099 1834 τούτων,

90 1851 116 1921 ὦ
146 1855 263 1938 ξεῖνοι,
296 1857 365 1920 ἔστι
392 1854 472 1939 ὑμῖν
503 1857 607 1938 πολλὴ
636 1856 801 1939 εύπετειή,
834 1854 889 1920 καὶ
922 1859 953 1921 εί
977 1857 1101 1942 πάσῃσι

90 1964 256 2045 βούλεσθε
284 1964 463 2046 μίσγεσθαι
490 1961 544 2026 καὶ
568 1961 704 2046 ὁκόσῃσι
728 1957 775 2026 ὧν
798 1960 934 2026 αὐτέων.
979 1962 1101 2026 τούτου

90 2065 152 2152 μὲν
174 2069 250 2152 πέρι
268 2068 363 2132 αὐτοὶ
382 2067 638 2152 ἀποσημανέετε·
661 2077 726 2132 νῦν
745 2066 793 2149 δέ,
816 2068 936 2151 σχεδὸν
954 2068 1017 2149 γάρ
1034 2068 1099 2150 ἤδη

88 2185 146 2259 τῆς
173 2177 285 2258 κοίτης
312 2175 380 2259 ὥρη
409 2174 622 2260 προσέρχεται
649 2173 730 2256 ὑμῖν
757 2171 812 2236 καὶ
834 2177 940 2248 καλῶς
964 2174 1100 2256 έχοντας

88 2279 191 2365 ὑμέας
219 2279 303 2364 ὁρέω
333 2279 453 2363 μέθης,
480 2290 639 2363 γυναῖκας
666 2280 801 2361 ταύτας,
835 2280 866 2344 εί
890 2278 969 2362 ὑμῖν
997 2282 1100 2362 φίλον

89 2387 173 2469 ἐστί,
202 2387 299 2451 άπετε
326 2387 528 2468 λούσασθαι,
559 2385 767 2470 λουσαμένας
798 2380 835 2449 δέ
863 2385 967 2449 ὀπίσω
996 2402 1098 2469 προσ-

90 2493 238 2559 δέκεσθε.
285 2497 376 2569 είπας
398 2501 514 2574 ταῦτα,
543 2491 737 2586 συνέπαινοι
765 2492 828 2575 γάρ
851 2487 937 2574 ἦσαν
960 2491 996 2555 οέ
1011 2490 1098 2574 Πέρ-

88 2617 159 2682 σαι,
184 2609 344 2682 γυναῑκας
367 2595 427 2683 μὲν
451 2598 651 2676 ἐξελθούσας
670 2596 835 2682 ἀπέπεμπε
854 2597 887 2673 ἐς
904 2597 966 2678 τὴν
983 2620 1099 2678 γυναι-

86 2710 203 2790 κηίην,
241 2705 340 2781 αὐτὸς
372 2701 409 2770 δέ
441 2703 458 2770 ὁ
493 2699 706 2788 Ἀλέξανδρος
738 2709 831 2779 ίσους
862 2711 936 2786 τῃσι
967 2699 1099 2784 γυναιξί

87 2813 237 2898 ἀρνθμὸν
261 2811 386 2896 ἀνδρας
408 2814 628 2892 λειογενείους
650 2818 689 2894 τῇ
708 2820 775 2874 τῶν
794 2818 963 2891 γυναικῶν
982 2805 1098 2888 ἐσθῆτι

88 2918 252 2993 σκευάσας
275 2914 329 2980 καὶ
348 2916 526 3001 ἐγχειρίδια
546 2918 627 2992 δοὺς
645 2923 770 2999 παρῆγε
790 2915 864 2993 ἔσω,
883 2911 1041 2994 παράγων
1060 2908 1098 2976 δέ
1131 2956 1135 2966 -

87 3025 229 3098 τούτους
253 3025 342 3105 ἔλεγε
365 3033 450 3087 τοῖσι
475 3019 624 3106 Πέρσησι
646 3021 737 3084 τάδε·
765 3009 803 3082 Ὦ
826 3015 965 3099 Πέρσαι,
989 3011 1097 3083 οἴκατε

86 3131 271 3213 πανδαισίῃ
295 3126 387 3212 τελέῃ
412 3129 594 3210 ἱστιῆσθαι·
617 3125 657 3190 τά
679 3148 713 3188 τε
736 3124 799 3208 γάρ
823 3123 905 3186 ἀλλα
929 3123 990 3187 ὅσα
1013 3129 1097 3208 είχο-

87 3259 159 3318 μεν,
179 3232 235 3300 καὶ
253 3235 336 3320 πρὸς
352 3235 392 3298 τά
411 3225 464 3298 οἷά
481 3256 517 3296 τε
534 3227 577 3315 ἦν
596 3229 789 3315 ἐξευρόντας
806 3219 978 3312 παρέχειν,
990 3230 1098 3294 πάντα

86 3341 168 3426 ὑμῖν
187 3339 339 3424 πάρεστι,
358 3337 412 3404 καὶ
431 3339 473 3422 δὴ
487 3335 541 3403 καὶ
558 3337 634 3401 τάδε
653 3337 690 3400 τὸ
709 3334 842 3399 πάντων
857 3334 1021 3418 μέγιστον,
1040 3336 1099 3411 τάς

86 3469 121 3512 τε
146 3445 281 3512 ἑωυτῶν
304 3444 444 3529 μητέρας
466 3440 595 3518 καὶτὰς
614 3439 776 3525 ἀδελφεάς
795 3439 1098 3525 ἐπιδαψιλευόμεθα
