2640 3960
197 268 263 333 104
607 267 795 323 HERODOTI

141 429 176 478 80
194 412 390 496 καλεόμενοι
412 410 553 496 ἐξήισαν.
590 411 737 477 ἐνθαῦτα
760 412 801 494 δή
824 410 842 476 ό
861 408 1051 494 Κλεομένης
1074 409 1203 475 ἐκέλευε
1310 429 1311 442 ’

195 517 303 582 πάντα
320 519 395 582 τινά
412 528 479 584 τῶν
493 517 637 583 εἱλώτων
649 515 814 603 περινέειν
826 517 889 600 ύλη
903 517 940 580 τὸ
954 517 1064 598 άλσος,
1084 526 1152 581 τῶν
1166 512 1204 581 δέ

196 623 406 708 πειθομένων
425 623 582 708 ἐνέπρησε
600 625 638 688 τὸ
656 625 764 699 ἀλσος.
795 621 973 706 καιομένου
988 618 1025 686 δὲ
1038 623 1104 704 ήδη
1119 621 1204 687 ἐπεί·
1311 629 1312 642 ’

197 753 271 816 ρετο
290 739 357 795 τῶν
375 753 450 795 τινα
469 729 662 814 αὐτομόλων
675 732 765 805 τίνος
778 734 828 812 είη
842 733 934 792 θεῶν
947 729 985 792 τὸ
1000 728 1114 804 ἀλσος*
1132 726 1152 793 ό
1167 725 1204 792 δὲ

196 833 396 921 ἔφη”Αργου
409 830 502 901 εἶναι.
525 835 544 900 δ
559 831 595 899 δὲ
605 834 649 912 ὡς
658 837 789 918 ῆκονσε,
799 831 1019 912 ἀναστενάξας
1027 832 1111 916 μέγα
1121 829 1205 898 εἶπε·
1312 899 1313 904 ,

192 930 231 1005 ’όδ
244 939 410 1008 ’Ἄπολλον
432 942 617 1026 χρηστήριε,
640 935 661 1022 ή
684 941 832 1024 μεγάλως
854 963 894 1023 με
911 939 1078 1022 ἠπάτηκας
1100 939 1206 1024 φάμε·
1311 925 1313 930 ’

196 1070 256 1124 νος
265 1046 386 1131 ’Ἀργος
400 1047 562 1132 αίρήσειν·
579 1046 807 1130 συμβάλλομαι
822 1042 855 1110 δ’
873 1044 999 1129 ἐξήκειν
1013 1069 1070 1129 μοι
1078 1047 1117 1112 τὸ
1127 1070 1206 1130 χρη-

142 1171 177 1221 81
198 1154 342 1238 στήριον.
366 1154 446 1236 μετδ
460 1148 611 1218 δὲταῦτα
626 1150 842 1236 ὁΚλεομένης
855 1152 916 1235 τήν
930 1149 991 1234 μὲν
1004 1151 1093 1218 πλέω
1108 1169 1206 1237 στρα-
1314 1171 1315 1186 ³

196 1259 272 1342 τιήν
290 1258 392 1342 ἀπῆκε
406 1256 536 1323 ἀπιέναι
551 1257 584 1333 ἐς
597 1257 767 1341 Σπάρτην,
786 1260 913 1341 χιλίους
927 1254 964 1322 δέ
978 1258 1079 1334 αὐτὸς
1092 1261 1207 1342 λαβὼν

197 1367 275 1440 τούς
294 1361 444 1448 ἀριστέας
463 1365 514 1446 ήιε
533 1363 567 1439 ἐς
580 1364 617 1428 τὸ
628 1361 771 1446 Ἥραιον
784 1363 910 1429 θύσων.
942 1367 1150 1448 βουλόμενον
1170 1362 1207 1430 δέ

198 1469 301 1534 αὐτὸν
318 1471 417 1534 θύειν
437 1467 489 1534 ἐπὶ
503 1477 563 1533 τοῦ
577 1471 692 1553 βωμοῦ
705 1468 723 1534 ὁ
739 1469 828 1553 ίρεύς
842 1469 1038 1554 ἀπηγόρευε,
1060 1472 1126 1554 φάς
1145 1472 1208 1536 οὐκ

198 1575 292 1640 ὅσιον
307 1570 392 1640 εἶναι
406 1574 500 1661 ξείνφ
516 1574 635 1640 αὐτόθι
645 1575 752 1639 θύειν.
776 1573 794 1640 δ
809 1571 846 1638 δὲ
856 1574 1045 1660 Κλεομένης
1058 1579 1119 1642 τὸν
1134 1577 1207 1663 ίρέα

198 1679 326 1747 ἐκέλευε
340 1683 418 1757 τούς
432 1681 566 1756 εἵλωτας
580 1680 643 1745 ἀπὸ
659 1688 718 1746 τοῦ
731 1683 846 1772 βωμοῦ
855 1681 1084 1764 ἀπαγαγόντας
1093 1701 1208 1766 μαστι·

197 1797 303 1870 γῦσαι
332 1783 387 1850 καί
406 1786 504 1862 αὐτὸς
518 1789 634 1852 έθυσε·
651 1787 791 1870 ποιήσας
805 1781 842 1851 δέ
859 1795 962 1851 ταῦτα
981 1787 1078 1871 ἀπήιε
1097 1789 1131 1866 ἐς
1146 1791 1208 1874 τήν

146 1911 180 1960 εν
199 1893 366 1978 Σπάρτην.
389 1894 595 1975 νοστήσαντα
608 1890 647 1958 δέ
658 1915 715 1975 μιν
728 1892 857 1974 ὑπῆγον
871 1893 907 1957 οί
918 1892 1035 1978 ἐχθροὶ
1050 1894 1115 1960 ὑπὸ
1130 1899 1210 1973 τούς

178 1989 179 1992 ¹
200 2000 354 2084 ἐφόρους,
375 1998 520 2084 φάμενοί
531 2023 589 2082 μιν
610 1999 888 2081 δωροδοκήσαντα
906 1999 968 2063 οὐκ
983 1998 1070 2065 ἑλεῖν
1082 2001 1208 2088 τὸ”Αρ-

200 2130 269 2191 γος,
287 2107 412 2190 παρεὸν
426 2105 584 2180 εὐπετέως
602 2127 659 2187 μιν
674 2102 768 2168 ἑλεῖν.
796 2103 813 2169 ὁ
834 2101 874 2168 δέ
890 2120 950 2188 σφι
964 2105 1062 2188 ἔλεξε,
1084 2107 1161 2172 οὐτε
1180 2109 1212 2172 εί

200 2213 406 2295 ψευδόμενος
425 2211 500 2274 οὐτε
519 2212 550 2274 εί
562 2207 688 2291 ἀληθέα
701 2206 817 2291 λέγων,
837 2211 899 2293 ἔχω
914 2211 1090 2294 σαφηνέως
1108 2209 1209 2298 εἶπαι,

202 2315 289 2392 ἔλεξε
308 2310 339 2380 δ’
360 2311 408 2380 ὧν
427 2315 583 2399 φάμενος,
603 2313 706 2378 ἐπείτε
726 2314 766 2396 δή
781 2315 818 2378 τὸ
832 2324 892 2380 τοῦ
902 2313 1028 2401 ’Ἀργου
1043 2319 1118 2403 ίρὸν
1132 2314 1209 2403 εἷλε,

202 2419 331 2487 δοκέειν
345 2421 381 2483 οί
392 2418 625 2500 ἐξεληλυθέναι
638 2419 698 2483 τὸν
711 2427 772 2483 τοῦ
785 2425 871 2485 θεοῦ
883 2425 1046 2505 χρησμόν·
1063 2425 1148 2508 πρὸς
1161 2423 1212 2492 ὧν

201 2534 303 2591 ταῦτα
323 2524 363 2589 οὐ
383 2525 534 2589 δικαιοῦν
552 2532 669 2608 πειρᾶν
687 2532 744 2607 τῆς
761 2527 886 2609 πόλιος,
905 2531 985 2611 πρίν
997 2552 1035 2610 γε
1050 2531 1091 2612 δή
1107 2531 1213 2616 ίροῑσι

202 2634 361 2718 χρήσηται
390 2627 444 2696 καί
472 2630 580 2715 μάθη,
605 2635 668 2694 είτε
691 2630 726 2695 οί
746 2629 764 2696 ό
787 2633 867 2707 θεὸς
888 2634 1072 2717 παραδιδοῖ
1092 2642 1157 2702 είτε
1179 2638 1214 2702 οί

115 2793 118 2799 .
203 2737 358 2823 ἐμποδὼν
372 2735 502 2819 ἕστηκε·
516 2733 777 2822 καλλιερευμένῳ
797 2732 834 2801 δέ
853 2736 889 2802 έν
902 2746 948 2824 τῷ
958 2736 1084 2828 Ἡραίφ
1099 2741 1137 2808 ἐκ
1150 2753 1214 2810 τοῦ

203 2844 389 2928 ἀγάλματος
406 2851 474 2907 τῶν
488 2840 640 2925 στηθέων
654 2843 763 2926 φλόγα
776 2843 880 2925 πυρὸς
894 2842 1068 2929 ἐκλάμψαι,
1087 2855 1215 2932 μαθεῖν
1318 2919 1319 2924 ,

203 2946 241 3016 δὲ
259 2949 357 3026 αὐτὸς
376 2949 462 3014 ούτω
480 2948 541 3030 τήν
560 2947 740 3032 ἀτρεκείην,
760 2947 809 3011 ὅτι
829 2947 889 3012 οὐκ
908 2948 1010 3033 αίρέει
1026 2953 1064 3016 τὸ
1074 2951 1215 3038 Ἄργος·

203 3057 235 3122 εί
260 3052 321 3139 μὲν
343 3056 406 3138 γάρ
434 3053 469 3118 ἐκ
491 3062 548 3136 τῆς
569 3057 714 3136 κεφαλῆς
737 3059 799 3116 τοῦ
827 3052 1012 3137 ἀγάλματος
1039 3056 1215 3145 ἐξέλαμψε,

204 3161 328 3245 αίρέειν
350 3159 392 3226 ἀν
416 3152 487 3224 κατ’
512 3159 614 3243 ἀκρης
634 3159 696 3240 τήν
717 3160 825 3240 πόλιν,
848 3157 884 3224 ἐκ
905 3170 973 3225 τῶν
996 3162 1152 3246 στηθέων
1176 3164 1232 3232 δὲ·

203 3267 393 3349 λάμψαντος
410 3273 475 3328 πᾶν
490 3264 525 3328 οἱ
540 3268 740 3346 πεποιῆσθαι
758 3263 839 3329 ὅσον
857 3263 875 3330 ὁ
894 3266 974 3342 θεὸς
988 3267 1146 3350 ἐβούλετο
1160 3295 1217 3355 γε-

203 3369 332 3437 νέσθαι.
364 3377 466 3434 ταῦτα
480 3367 587 3451 λέγων
599 3368 698 3433 πιστά
715 3389 750 3433 τε
767 3366 823 3433 καὶ
842 3371 953 3435 οἰκότα
972 3372 1084 3438 ἐδόκεε
1098 3379 1216 3463 Σπαρ-

203 3479 331 3562 τιήτησι
354 3474 462 3559 λέγειν
484 3471 538 3537 καὶ
561 3471 709 3557 ἀπέφυγε
732 3475 857 3539 πολλὸν
879 3478 957 3552 τοὺς
976 3478 1170 3556 διώκοντας.
