2632 3970
184 239 249 304 364
600 239 787 296 HERODOTI

131 401 165 449 '18
185 384 222 449 έν
250 380 286 449 δὲ
308 388 494 469 Πλαταιῇσι
524 385 561 450 ἐν
581 393 627 473 τῷ
656 384 864 472 στρατοπέδῳ
887 397 954 450 τῶν
976 384 1189 469 Αἰγινητέων

183 484 226 571 ήν
248 488 398 572 Λάμπων
427 489 445 555 ὁ
469 490 613 571 Πυθέω,
636 489 842 573 Αἰγινητέων
869 489 962 577 (ἐὼν)
989 492 1029 556 τὰ
1056 502 1189 577 πρῶτα·

184 594 221 668 ὃς
255 595 479 662 ἀνοσιώτατον
512 600 596 680 ἔχων
628 598 729 678 λόγον
760 597 827 662 ἵετο
860 598 943 682 πρὸς
974 602 1188 682 Παυσανίην,

183 700 381 785 ἀπικόμενος
409 699 445 768 δὲ
473 703 601 786 σπουδή
625 704 715 785 ἔλεγε
737 702 829 766 τάδε·
855 693 893 767 Ὠ
915 711 977 790 παί
995 705 1189 790 Κλεομβρό-

181 829 258 891 του,
290 810 390 893 έργον
421 811 580 892 ἔργασταί
606 830 658 872 τοι
690 803 856 893 ὑπερφυές
886 806 1033 892 μέγαθός
1062 832 1099 874 τε
1131 808 1191 875 καὶ
1302 817 1303 822 ’

183 916 311 997 κάλλος,
334 918 393 979 καί
411 937 463 979 τοι
480 916 561 990 θεὸς
577 913 747 999 παρέδωκε
764 913 952 998 όυσάμενον
969 915 1031 998 τήν
1044 911 1190 981 Ἑλλάδα

183 1019 277 1097 κλέος
298 1019 505 1085 καταθέσθαι
528 1019 683 1104 μέγιστον
699 1016 866 1103 Ἑλλήνων
883 1031 951 1085 τῶν
967 1020 1062 1105 ήμείς
1080 1023 1190 1106 ἰάμεν.

183 1131 226 1194 σύ
259 1123 296 1193 ἀὲ
322 1124 377 1190 καὶ
403 1127 443 1191 τά
470 1128 569 1190 λοιπά
594 1127 634 1191 τὰ
661 1124 713 1191 ἐπὶ
738 1127 886 1192 τούτοισι
912 1130 1068 1210 ποίησον,
1101 1129 1191 1205 ὅκως

183 1236 281 1317 λόγος
298 1233 336 1299 τέ
352 1250 389 1298 σε
408 1235 465 1318 ἔχῃ
484 1235 531 1298 ἔτι
550 1232 655 1316 μέζων
672 1235 730 1297 καί
743 1255 793 1308 τις
814 1232 955 1317 ὕστερον
976 1234 1190 1317 φυλάσσηται

182 1349 250 1406 τῶν
273 1341 451 1424 βαρβάρων
474 1340 518 1423 μή
541 1339 700 1424 ὑπάρχειν
722 1341 803 1423 ἔργα
821 1339 992 1405 ἀτάσθαλα
1010 1341 1134 1406 ποιέων
1153 1341 1190 1418 ές

182 1449 261 1523 τοὺς
276 1444 446 1528 Ἕλληνας.
478 1446 654 1511 Λεωνίδεω
672 1447 735 1528 γάρ
754 1444 986 1523 ἀποθανόντος
1004 1447 1041 1512 ἐν
1060 1451 1188 1533 Θερμο-
1303 1437 1304 1478 ³

182 1554 307 1638 πύλῃσι
318 1555 514 1637 Μαρδόνιός
526 1575 561 1616 τε
574 1548 628 1616 καὶ
642 1549 765 1635 Ξέρξης
778 1550 997 1635 ἀποταμόντες
1010 1554 1072 1637 τήν
1084 1577 1189 1638 κεφα-

183 1659 246 1742 λήν
256 1659 527 1743 ἀνεσταύρωσαν·
541 1665 586 1745 τῷ
598 1660 640 1722 σύ
653 1658 714 1740 τήν
728 1657 847 1740 ὁμοίην
856 1657 1038 1736 ἀποδιδούς
1047 1661 1188 1725 ἔπαινον

183 1763 265 1844 ἕξεις
291 1777 403 1851 πρῶτα
430 1759 491 1848 μὲν
513 1762 578 1827 ὑπὸ
600 1762 734 1827 πάντων
755 1762 1003 1846 Σπαρτιητέων,
1032 1761 1125 1842 αὖτις
1148 1763 1188 1832 δὲ

183 1871 238 1938 καί
266 1873 348 1955 πρὸς
369 1881 436 1936 τῶν
458 1871 568 1935 ἀλλων
588 1866 772 1950 Ἑλλήνων·
799 1871 998 1954 Μαρδόνιον
1020 1872 1083 1957 γάρ
1106 1871 1187 1937 ἀνα-
1232 1939 1241 1956 ,
1303 1873 1304 1950 ᾗ

145 2004 149 2016 ·
184 1981 382 2054 σκολοπίσας
395 1978 630 2062 τετιμωρήσεαι
648 1974 681 2050 ές
698 1973 831 2060 πάτρων
849 1976 908 2040 τὸν
924 1977 986 2041 σὸν
1000 1980 1187 2062 Λεωνίδην.

184 2085 201 2150 ὁ
225 2082 286 2169 μὲν
309 2083 435 2148 δοκέων
452 2085 644 2169 χαρίζεσθαι
662 2083 752 2164 ἔλεγε
769 2080 857 2162 τάδε,
881 2080 899 2144 ὁ
919 2079 950 2146 θ’
972 2082 1187 2168 ἀνταμείβετο

130 2205 164 2254 '19
183 2190 320 2256 τοισίάε·
349 2181 387 2253 Ὦ
418 2188 503 2268 ξεῖνε
532 2190 708 2271 Αἰγινῆτα,
739 2188 777 2252 τὸ
805 2181 866 2270 μὲν
892 2187 1040 2254 εὐνοέειν
1066 2213 1102 2254 τε
1129 2189 1187 2256 καὶ

182 2304 332 2380 προορᾶν
359 2296 486 2378 ἀγαμαί
504 2311 578 2376 σευ,
605 2294 739 2377 γνώμης
765 2290 878 2376 μέντοι
898 2292 1086 2379 ἡμάρτηκας
1107 2320 1187 2382 χρη-

184 2409 274 2483 στῆς·
302 2397 449 2483 ἐξαείρας
475 2400 538 2484 γάρ
566 2423 606 2482 με
631 2398 721 2475 ὑψοῦ
747 2395 801 2462 καὶ
827 2399 889 2481 τήν
915 2400 1043 2485 πάτρην
1069 2399 1124 2466 καί
1147 2404 1186 2467 τὸ

184 2509 292 2592 ἔργον,
317 2503 349 2582 ές
367 2505 405 2569 τὸ
424 2500 528 2589 μηδὲν
546 2502 721 2587 κατέβαλες
738 2502 926 2589 παραινέων
943 2513 1050 2594 νεκρῷ
1069 2512 1186 2592 λυμαί-

182 2619 318 2695 νεσθαι,
345 2609 400 2676 καὶ
426 2609 469 2694 ήν
496 2618 597 2675 ταῦτα
624 2609 740 2690 ποιέω,
771 2610 835 2693 φάς
862 2611 998 2693 ἀμεινύν
1020 2635 1060 2695 με
1087 2612 1187 2678 ἀκού-

183 2726 311 2785 σεσθαι.
356 2719 396 2782 τὰ
422 2716 537 2801 πρέπει
564 2721 690 2802 μᾶλλον
713 2715 910 2800 βαρβάροισι
931 2715 1057 2782 ποιέειν
1078 2719 1101 2801 ή
1122 2740 1186 2803 περ

184 2824 333 2908 Ἕλλησι·
365 2821 420 2888 καὶ
447 2822 601 2888 ἐκείνοισι
629 2819 667 2886 δὲ
693 2820 946 2904 ἐπιφθονέομεν.
991 2820 1055 2903 ἐγὼ
1078 2818 1110 2886 θ’
1137 2818 1187 2888 ὧν
1304 2905 1305 2908 ¹

184 2933 305 2997 τούτου
343 2931 451 2994 εἵνεκα
487 2931 567 3014 μήτε
597 2930 795 3013 Αἰγινήτῃσι
835 2927 947 3010 ἀάοιμι
982 2929 1062 3011 μήτε
1098 2939 1187 2993 τοῖσι

182 3037 285 3102 ταύτά
317 3035 500 3123 ἀρέσκεται,
537 3033 665 3120 ἀποχρᾷ
698 3031 738 3098 δέ
766 3055 822 3117 μοι
853 3035 1080 3118 Σπαρτιήτῃσι
1111 3034 1187 3119 ἀρε-

184 3144 345 3226 σκόμενον
368 3142 443 3206 ὅσια
465 3137 526 3224 μὲν
548 3138 682 3220 ποιέειν,
707 3139 781 3202 ὅσια
804 3134 840 3202 ἀὲ
862 3134 917 3202 καὶ
939 3137 1056 3222 λέγειν.
1094 3144 1186 3206 Λεω-

183 3247 260 3330 νίδῃ
293 3247 344 3329 δέ,
376 3255 421 3334 τῷ
450 3269 489 3331 με
520 3246 663 3320 κελεύεις
692 3252 887 3329 τιμωρῆσαι,
921 3242 1005 3328 φημὶ
1036 3247 1188 3329 μεγάλως

182 3359 441 3435 τετιμωρῆσθαι,
472 3353 599 3435 ψυχῇσί
622 3373 657 3414 τε
688 3358 762 3434 τῇσι
791 3350 896 3414 τῶνδε
928 3349 1187 3436 ἀναριθμήτοισι

183 3457 349 3538 τετίμηται
376 3457 475 3532 αὐτός
501 3478 536 3520 τε
567 3453 621 3519 καί
649 3455 684 3518 οἰ
708 3457 801 3519 ἀλλοι
829 3454 864 3518 οἰ
889 3455 924 3520 έν
951 3459 1188 3546 Θερμοπύλῃσι
