2640 3960
398 230 462 285 κιο.
477 229 525 286 vl.
562 229 638 285 οΑΡ.
659 235 814 286 115-119.
1055 233 1118 297 123

199 379 303 467 Δᾶτις
336 370 373 439 δὲ
399 376 622 458 πορευόμενος
653 375 719 458 ἅμα
750 383 796 462 τῷ
826 384 952 463 στρατῷ
985 376 1019 453 ἐς
1046 378 1168 460 τήνιιε

107 477 238 564 Ἀσίην,
266 479 371 544 ἐπείτε
398 479 527 562 ἐγένετο
556 480 593 546 ἐν
615 483 781 568 Μυκόνῳ,
810 476 878 546 εἶδε
905 485 984 560 όψιν
1012 482 1048 547 ἐν
1070 490 1116 570 τῷ

108 586 213 672 ύπνῳ.
258 583 313 650 καὶ
335 586 405 670 ήτις
428 582 489 669 μέν
511 581 554 668 ήν
576 585 597 669 ἡ
619 587 704 668 δύις,
729 586 769 651 οὐ
788 585 931 670 λέγεται,
955 587 972 653 δ
997 587 1048 669 δέ,
1072 589 1116 664 ὡς

108 691 214 776 ἡμέρη
236 691 371 775 τοίχιστα
395 689 572 775 ἐπέλαμψε,
603 694 735 774 ζήτησιν
757 690 901 757 ἐποιέετο
927 703 994 756 τῶν
1017 704 1115 775 νεῶν,

109 799 218 881 εὑρὼν
240 794 276 862 δέ
296 797 332 862 ἐν
353 800 515 882 Φοινίσσῃ
532 795 614 880 [νηὶ]
633 798 763 882 ἀγαλμα
778 794 984 874 ’Λπόλλωνος
1000 821 1115 882 κεχρυ-

5 924 9 944 ·
109 902 261 988 σωμένον
288 902 494 968 ἐπυνθάνετο
525 901 647 968 ὁκόθεν
671 903 896 988 σεσυλημένον
920 909 985 986 εἴη,
1008 906 1113 968 πυθό-

109 1033 208 1094 μενος
230 1007 268 1074 δέ
291 1007 323 1086 ἐξ
347 1003 388 1074 οὗ
410 1003 453 1091 ήν
477 1009 561 1092 ίροῦ,
586 1011 678 1072 ἔπλεε
700 1017 739 1093 τή
763 1008 889 1074 ἑωυτοῦ
910 1006 967 1092 νηὶ
990 1009 1023 1085 ἐς
1045 1014 1114 1092 Δή·

109 1121 183 1180 λου·
199 1112 256 1180 καὶ
274 1113 410 1179 ἀπίκατο
428 1115 492 1197 γὰρ
505 1123 685 1196 τηνικαῦτα
703 1114 739 1178 οί
749 1117 870 1197 Δήλιοι
888 1114 992 1179 ὀπίσω
1008 1114 1040 1191 ἐς
1053 1116 1114 1197 τήν

109 1230 225 1304 νῆσον,
248 1223 462 1284 κατατίθεταί
477 1241 512 1283 τε
532 1219 564 1295 ἐς
584 1221 621 1284 τὸ
641 1221 715 1304 ἱρὸν
733 1221 770 1285 τὸ
789 1221 918 1305 ἄγαλμα
935 1219 989 1285 καὶ
1008 1219 1114 1285 ἐντέλ-

108 1332 198 1391 λεται
217 1336 305 1390 τοῖσι
318 1328 474 1408 Δηλίοισι
494 1324 674 1408 ἀπαγαγεῖν
691 1327 729 1390 τὸ
744 1327 874 1410 ἀγαλμα
888 1326 921 1402 ἐς
933 1329 1062 1409 Δήλιον
1075 1326 1113 1390 τὸ

108 1435 277 1515 Θηβαίων·
299 1432 336 1495 τὸ
361 1426 391 1494 δ’
418 1432 487 1494 ἐστι
506 1428 558 1494 ἐπὶ
576 1431 729 1517 θαλάσση
749 1433 912 1508 Χαλκίδος
928 1436 1113 1496 καταντίον.

108 1543 212 1613 Δᾶτις
235 1532 295 1620 μὲν
318 1536 359 1618 δή
381 1544 483 1599 ταῦτα
506 1535 732 1619 ἐντειλάμενος
752 1536 900 1618 ἀπέπλεε,
923 1539 982 1602 τὸν
1001 1533 1038 1601 δέ
1056 1537 1113 1601 ἀν-

108 1643 247 1729 δριάντα
272 1651 392 1706 τοῦτον
415 1643 536 1724 Δήλιοι
566 1641 628 1706 οὐκ
654 1641 840 1726 ἀπήγαγον,
867 1642 950 1707 ἀλλά
977 1667 1034 1726 μιν
1062 1640 1109 1706 δι’

108 1749 208 1815 ἐτέων
231 1753 334 1812 εἴκοσι
357 1749 497 1829 Θηβαῖοι
520 1745 616 1810 αὐτοὶ
633 1730 670 1811 ἐκ
692 1750 899 1831 θεοπροπίου
918 1748 1112 1832 ἐκομίσαντο

108 1851 160 1920 ἐπὶ
183 1854 322 1935 Δήλιον.
367 1845 446 1927 τοὺς
469 1847 506 1916 δέ
532 1863 599 1916 τῶν
623 1845 814 1937 Ἐρετριέων
842 1852 1163 1939 ἀνδραποδισμέ-119

106 1983 188 2036 νους
210 1961 314 2033 Δᾶτίς
335 1979 371 2022 τε
393 1955 447 2022 καὶ
460 1954 698 2042 Ἀρταφρένης,
721 1958 766 2034 ὡς
788 1956 973 2042 προσέσχον
996 1958 1028 2034 ἐς
1050 1959 1111 2040 τήν

105 2060 217 2148 Ἀσίην
248 2062 416 2145 πλέοντες,
454 2061 623 2144 ἀνήγαγον
654 2062 687 2140 ἐς
713 2065 838 2127 Σοῦσα.
889 2065 1043 2145 βασιλεὺς
1075 2061 1111 2130 δέ

106 2177 265 2254 Δαρεῖος,
292 2166 372 2252 πρὶν
400 2163 461 2252 μὲν
488 2169 713 2252 αἰχμαλώτους
739 2165 897 2250 γενέσθαι
922 2171 1001 2245 τοὺς
1023 2166 1111 2255 Ἐρε-

105 2276 225 2360 τριέας,
249 2273 355 2356 ἐνεῖχέ
371 2290 432 2356 σφι
454 2274 567 2339 δεινὸν
588 2276 699 2358 χόλον,
723 2265 777 2338 οἷα
795 2271 965 2358 ἀρξόντων
983 2275 1111 2360 ἀδικίης

105 2379 277 2468 προτέρων
303 2390 371 2443 τῶν
391 2362 595 2464 Ἐρετριέων·
629 2379 733 2444 ἐπείτε
763 2376 799 2444 δὲ
827 2374 898 2446 εἶδέ
922 2398 1025 2464 σφεας
1052 2381 1118 2446 ἀπ·-

104 2485 269 2571 αχθέντας
290 2479 367 2568 παρ’
394 2483 518 2549 ἑωυτὸν
541 2481 596 2548 καὶ
619 2482 729 2572 ἑωυτῷ
753 2483 963 2569 ὑποχειρίους
985 2485 1109 2569 ἐόντας,

106 2593 239 2674 ἐποίησε
270 2591 372 2654 κακὸν
402 2590 481 2653 ἄλλο
510 2587 625 2672 οὐδέν,
654 2589 736 2654 ἀλλά
764 2606 866 2674 σφεας
891 2599 949 2674 τῆς
970 2594 1110 2672 Κισσίης

105 2699 213 2782 χώρης
239 2701 404 2762 κατοίκισε
432 2695 468 2760 ἐν
496 2701 633 2783 σταθμῷ
662 2694 787 2760 ἑωυτοῦ
814 2703 859 2782 τῷ
887 2697 1015 2780 ούνομοί
1042 2697 1109 2760 ἐστι

102 2801 303 2888 Ἀρδέρικκα,
327 2801 390 2866 ἀπὸ
413 2796 473 2884 μὲν
492 2801 636 2865 Σούσων
656 2799 734 2865 δέκα
753 2798 808 2865 καὶ
826 2802 1016 2882 διηκοσίους
1034 2819 1109 2864 στα-

5 2927 6 2930 ’
106 2909 200 2984 δίους
223 2906 391 2992 ἀπέχοντι,
414 2905 652 2988 τεσσεράκοντα
680 2903 717 2970 δέ
740 2905 803 2969 ἀπὸ
826 2913 886 2968 τοῦ
908 2903 1049 2988 φρέατος
1070 2906 1108 2970 τὸ

104 3013 278 3100 παρέχεται
295 3015 471 3096 τριφασίας
490 3009 590 3087 ἰδέας·
614 3009 669 3076 καὶ
687 3011 750 3093 γὰρ
769 3011 939 3092 ἄσφαλτον
956 3006 1011 3074 καὶ
1029 3009 1109 3088 ἅλας

104 3117 159 3184 καλ
177 3122 290 3184 ἔλαιον
308 3116 509 3202 ἀρύσσονται
532 3116 565 3193 ἐξ
585 3116 688 3180 αὐτοῦ
706 3118 816 3202 τρόπῳ
830 3115 962 3201 τοιῷδε·
981 3113 1108 3180 ἀντλέε-

104 3248 157 3290 ται
189 3221 250 3310 μλν
279 3225 467 3308 κηλωνηίῳ,
498 3219 572 3286 ἀντὶ
600 3217 637 3286 δέ
663 3224 790 3302 γαυλοῦ
817 3220 919 3302 ήμισυ
946 3218 1049 3285 ἀσκοῦ
1076 3221 1112 3286 ολ

5 3311 6 3344 ἐ
103 3329 333 3417 προσδέδεται·
365 3327 537 3404 ὑποτύψας
569 3323 605 3390 δδ
631 3327 737 3412 τούτῳ
765 3322 892 3389 ἀντλέει
917 3322 972 3389 καὶ
999 3328 1108 3392 ἔπειτα

104 3434 207 3521 ἐγχέει
225 3435 259 3511 ἐς
278 3432 472 3516 δεξαμενήν·
495 3429 531 3496 ἐκ
550 3427 587 3496 δὲ
604 3431 725 3513 ταύτης
743 3428 776 3506 ἐς
794 3429 874 3494 ἀλλο
894 3431 1108 3515 διαχεόμενον
