2640 3960
193 233 236 294 74
605 231 792 286 HERODOTI

191 373 264 451 νέες
285 375 349 441 ὑπὸ
372 375 562 460 τρωμάτων,
585 369 678 440 οὗτοι
702 371 737 440 δέ
757 375 801 452 ὡς
819 374 1006 456 ἐδιώκοντο,
1028 396 1199 456 καταφυγ-

190 481 333 564 γάνουσι
351 483 431 566 πρὸς
449 482 510 564 τήν
529 481 703 565 Μυκάλην.
740 480 816 558 νέας
834 477 894 564 μέν
913 479 953 562 δή
973 478 1075 544 αὐτοῦ
1092 479 1198 563 ταύτῃ

190 584 416 664 ἐποκείλαντες
438 585 623 669 κατέλιπον,
648 587 684 652 οί
704 582 740 652 δὲ
762 590 840 670 πεζή
858 585 1046 668 ἐκομίζοντο
1065 585 1121 650 διά
1138 593 1199 666 τῆς

192 689 338 776 ήπείρου.
379 691 491 776 ἐπειδή
516 689 553 758 δέ
576 691 733 776 ἐσέβαλον
756 691 789 768 ἐς
810 692 872 774 τήν
891 688 1046 774 Ἐφεσίην
1068 693 1199 774 κομιζό-

190 819 287 880 μενοι
314 798 349 862 οί
369 803 460 883 Χῖοι,
490 801 609 874 νυκτός
630 822 665 864 τε
693 799 757 881 γάρ
784 797 920 862 ἀπίκατο
949 796 982 872 ἐς
1008 795 1114 878 αύτήν
1141 793 1198 860 καὶ

190 901 317 968 ἐόντων
334 913 409 989 τήσι
427 903 558 988 γυναιξὶ
576 903 696 969 αὐτόθι
715 905 964 987 θεσμοφορίων,
988 901 1135 967 ἐνθαῦτα
1153 903 1198 984 δή

191 1007 229 1073 οί
245 1005 402 1093 Ἐφέσιοι,
426 1010 502 1075 οὔτε
522 1011 763 1093 προακηκοότες
781 1009 825 1086 ὡς
843 1003 909 1092 εἶχε
926 1005 1001 1089 περὶ
1018 1018 1086 1072 τῶν
1103 1010 1197 1072 Χίων

192 1115 321 1192 ἰδόντες
341 1139 377 1180 τε
400 1116 540 1200 στρατὸν
563 1115 597 1192 ἐς
619 1116 680 1198 τήν
702 1116 813 1199 χώρην
836 1114 1065 1197 ἐσβεβληκότα,
1088 1115 1199 1198 πάγχυ

191 1219 296 1304 σφέας
327 1220 565 1298 καταδόξαντες
595 1215 681 1286 εἶναι
707 1225 837 1296 κλῶπας
866 1217 921 1284 καλ
948 1218 1033 1284 ίέναι
1061 1215 1113 1284 ἐπὶ
1139 1221 1200 1296 τὰς

192 1335 351 1408 γυναῖκας
370 1325 569 1409 ἐξεβοήθεον
586 1323 750 1410 πανδημεὶ
764 1323 819 1390 καὶ
833 1328 979 1390 ἔκτεινον
992 1325 1070 1400 τοὺς
1084 1327 1199 1400 Χίους.

141 1445 173 1496 ιτ
194 1424 286 1496 οὗτοι
312 1430 373 1513 μέν
400 1455 464 1496 υνν
487 1432 658 1516 τοιαύτῃσι
679 1430 891 1514 περιέπιπτον
913 1431 1046 1515 τύχῃσι·
1072 1431 1199 1496 Διονύ-

193 1552 264 1611 σιος
287 1531 324 1600 δέ
346 1535 364 1600 δ
385 1538 555 1612 Φωκαιεὺς
577 1535 681 1602 ἐπείτε
704 1539 808 1620 έμαθε
830 1546 897 1600 τῶν
912 1530 1034 1600 Ἰώνων
1056 1536 1096 1600 τά
1113 1539 1199 1619 πρή·

191 1664 298 1725 γματα
327 1641 574 1727 διεφθαρμένα,
605 1640 683 1718 νέας
710 1640 794 1706 ἑλὼν
820 1653 907 1725 τρεῖς
933 1652 1002 1706 τῶν
1028 1645 1198 1726 πολεμίων

192 1745 329 1812 ἀπέπλεε
353 1746 386 1823 ές
408 1744 468 1830 μέν
493 1749 650 1812 Φώκαιαν
673 1747 797 1829 οὐκέτι,
827 1741 864 1812 εὖ
888 1748 984 1823 εἰδὼς
1007 1748 1052 1824 ὡς
1075 1748 1200 1832 ἀνδρα-

191 1853 352 1917 ποδιεῖται
371 1855 435 1917 σὺν
452 1862 492 1938 τῇ
511 1854 592 1940 ἀλλη
608 1850 732 1938 Ἰωνίη·
751 1852 769 1917 δ
790 1848 826 1917 δέ
845 1851 946 1928 ἰθέως
964 1852 1008 1929 ὡς
1024 1848 1090 1937 εἶχε
1105 1856 1200 1919 ἔπλεε

191 1958 225 2034 ἐς
245 1959 417 2040 Φοινίκην,
440 1960 586 2042 γαύλους
609 1955 646 2024 δέ
668 1959 816 2025 ἐνθαῦτα
839 1959 1025 2034 καταδύσας
1047 1957 1103 2024 καὶ
1120 1963 1200 2045 χρή·

190 2086 276 2147 ματα
303 2065 414 2146 λαβὼν
441 2065 547 2130 πολλὰ
569 2067 662 2129 έπλεε
689 2064 722 2140 ἐς
745 2067 918 2146 Σικελίην,
947 2063 1139 2149 ὁρμώμενος
1161 2062 1200 2130 δὲ

191 2169 348 2234 ἐνθεῦτεν
381 2169 514 2251 ληιστὴς
545 2171 736 2252 κατεστήκεε
758 2165 926 2252 Ἑλλήνων
958 2165 1019 2253 μέν
1047 2169 1200 2254 οὐδενός,

190 2275 432 2356 Καρχηδονίων
456 2271 492 2337 δέ
514 2271 569 2338 καὶ
596 2277 788 2356 Τυρσηνῶν.

138 2394 172 2444 18
280 2377 325 2441 Οί
354 2375 392 2441 δὲ
415 2376 543 2461 Πέρσαι
576 2377 680 2444 ἐπείτε
710 2387 750 2464 τή
776 2383 942 2466 ναυμαχίη
970 2379 1091 2446 ἐνίκων
1121 2385 1201 2460 τοὺς
1309 2385 1310 2437 λ

191 2481 321 2562 Ἴωνας,
344 2483 405 2564 τήν
423 2485 577 2564 Μίλητον
595 2483 845 2567 πολιορκέοντες
868 2485 904 2551 ἐκ
921 2494 981 2569 γῆς
999 2483 1055 2552 καὶ
1072 2489 1200 2553 θαλύσ-

191 2604 251 2670 σης
272 2584 328 2651 καὶ
350 2586 596 2672 ὑπορύσσοντες
617 2590 657 2653 τά
675 2592 782 2674 τείχεα
799 2589 855 2656 καὶ
874 2593 1033 2668 παντοίας
1051 2596 1201 2677 μηχανὰς

190 2691 436 2779 προσφέροντες
463 2692 612 2778 αίρέονσι
640 2692 711 2760 κατ’
738 2697 840 2781 ἀκρης
862 2696 943 2784 ἕκτφ
968 2699 1034 2762 ἔτει·
1055 2697 1119 2764 ἀπὸ
1141 2710 1200 2783 τῆς

191 2799 388 2876 ἀποστάσιος
410 2807 467 2882 τής
482 2793 734 2886 Ἀρισταγόρεω·
756 2799 811 2866 καὶ
829 2802 1119 2888 ἠνδραποδίσαντο
1137 2807 1199 2888 τήν

190 2909 299 2989 πόλιν,
323 2906 406 2971 ὥστε
429 2917 608 2990 συμπεσεῖν
630 2909 667 2972 τὸ
690 2907 799 2984 πάθος
820 2915 865 2996 τῷ
889 2912 1076 2997 χρηστηρίφ
1100 2919 1147 2998 τῷ
1167 2911 1200 2988 ἐς
1307 2987 1308 3016 1

139 3027 171 3076 19
191 3014 345 3094 Μίλητον
358 3012 535 3100 γενομένῳ.
567 3013 783 3098 χρεωμένοισι
796 3015 859 3098 γὰρ
871 3011 1047 3099 Ἀργείοισι
1062 3015 1098 3080 ἐν
1114 3021 1199 3082 Δελ-

191 3126 286 3197 φοῖσι
308 3115 383 3201 περὶ
406 3121 570 3202 σωτηρίης
587 3127 645 3201 τής
663 3121 779 3194 πόλιος
796 3128 853 3202 τῆς
872 3119 1032 3204 σφετέρης
1050 3121 1198 3206 ἐχρήσθη

191 3220 360 3285 ἐπίκοινον
378 3225 589 3316 χρηστήριον,
611 3226 649 3288 τὸ
668 3220 728 3307 μέν
747 3224 780 3300 ἐς
798 3224 920 3300 αὐτοὺς
936 3228 1015 3302 τοὺς
1030 3223 1201 3312 Ἀργείους

191 3323 311 3408 φέρον,
335 3327 398 3409 τήν
422 3323 460 3392 δέ
483 3331 700 3412 παρενθήκην
723 3331 839 3414 ἔχρησε
862 3329 896 3406 ἐς
917 3334 1116 3414 Μιλησίους.
1161 3337 1200 3400 τὸ

190 3428 252 3513 μέν
283 3453 348 3495 νυν
380 3430 412 3508 ἐς
438 3433 515 3509 τοὺς
540 3427 707 3518 Ἀργείους
737 3436 829 3518 ἐχον,
861 3434 960 3500 ἐπεὰν
987 3438 1069 3502 κατά
1099 3450 1200 3507 τοῦτο
1306 3449 1307 3468 ’
