2572 3980
393 259 462 315 ΗΒ.
477 259 509 315 v.
547 260 766 316 mmo-51.
1039 261 1083 326 25

72 401 276 485 θαρσέοντες
301 404 366 487 ήδη
393 411 439 492 τῷ
464 401 524 469 Διὶ
551 405 698 469 πλούτου
724 403 796 489 πέρι
827 405 954 490 ἐρίζετε.
1001 405 1083 472 ἀλλὰ

72 506 150 591 περὶ
181 504 242 591 μὲν
269 510 377 592 χώρης
408 511 472 594 άρα
500 510 540 574 οὑ
569 515 692 593 πολλῆς
719 507 797 575 οὐδὲ
828 512 914 576 οὑτω
942 521 1083 596 χρηστῆς

72 611 127 677 καί
165 614 277 698 οὑρων
312 627 459 700 σμικρῶν
494 617 594 700 χρεόν
628 615 697 680 ἐστι
732 615 834 699 ὑμέας
864 618 969 701 μάχας
1004 617 1082 683 ἀνα·

72 719 258 802 βάλλεσθαι
283 723 367 805 πρός
388 744 423 786 τε
445 725 660 805 Μεσσηνίους
687 721 801 798 ἐόντας
825 722 999 798 ἰσοπαλέας
1026 721 1082 786 καὶ

69 820 231 910 Ἀρκάδας
252 824 360 890 τεκαὶ
380 823 557 911 Ἀργείους,
580 839 667 892 τοῖσι
686 827 762 892 οὑτε
780 837 907 911 χρυσοῦ
925 827 1082 912 ἐχόμενόν

73 932 143 996 ἐστι
172 927 272 996 οὐδὲν
300 932 375 996 οὑτε
403 932 567 1018 ἀργύρου,
595 944 662 998 τῶν
689 931 765 1018 πέρι
791 936 851 998 καί
873 957 948 999 τινα
973 933 1082 1016 ἐνάγει

72 1041 246 1121 προθυμίη
282 1040 470 1122 μαχόμενον
501 1037 740 1121 ἀποθνήσκειν·
777 1039 921 1124 παρέχον
957 1034 994 1103 δὲ
1024 1047 1082 1122 τῆς

70 1141 181 1226 Ἀσίης
216 1143 322 1227 πάσης
355 1145 469 1228 άρχειν
502 1144 675 1226 εὐπετέως,
711 1146 792 1210 άλλο
823 1167 856 1210 τι
887 1145 1079 1228 αίρήσεσθε;

70 1245 307 1334 Ἀρισταγόρης
329 1245 390 1333 μὲν
412 1259 515 1314 ταῦτα
538 1251 635 1332 ἔλεξε,
658 1250 847 1335 Κλεομένης
871 1247 908 1315 δὲ
930 1249 1080 1334 ἀμείβετο

74 1356 214 1419 τοισίθε·
238 1345 277 1418 Ὠ
300 1356 384 1433 ξεῖνε
407 1357 566 1439 Μιλήσιε,
591 1357 820 1440 ἀναβάλλομαί
837 1379 891 1420 τοι
913 1355 946 1432 ἐς
968 1359 1081 1440 τρίτην

74 1459 201 1546 ἡμέρην
227 1459 493 1544 ὑποκρινέεσθαι.
537 1465 610 1528 τότε
637 1459 698 1546 μὲν
722 1461 755 1538 ἐς
776 1470 916 1526 τοσοῦτο
938 1463 1080 1544 ήλασαν·
1099 1475 1133 1524 50

75 1566 180 1632 ἐπείτε
209 1562 246 1631 δὲ
272 1566 293 1646 ἡ
322 1571 420 1651 κυρίη
448 1565 552 1652 ἡμέρη
581 1567 708 1652 ἐγένετο
736 1577 793 1651 τῆς
814 1566 1006 1651 ὑποκρίσιος
1027 1563 1082 1630 καὶ

74 1668 185 1755 ἡλθον
221 1671 254 1748 ἐς
284 1673 321 1738 τὸ
351 1677 582 1758 συγκείμενον,
620 1681 725 1759 είρετο
758 1673 776 1739 ὁ
803 1671 992 1757 Κλεομένης
1021 1673 1082 1737 τὸν

72 1775 309 1864 Ἀρισταγόρην
327 1777 457 1844 ὁκόσων
469 1778 617 1864 ἡμερέων
632 1779 695 1845 ἀπὸ
709 1781 880 1862 θαλάσσης
892 1787 950 1861 τῆς
960 1773 1081 1842 Ἰώνων

76 1884 154 1960 ὁδὸς
177 1889 228 1966 είη
250 1886 338 1969 παρά
360 1883 505 1966 βασιλέα.
542 1883 617 1950 ὁδε
631 1883 873 1970 Ἀρισταγόρης,
896 1878 998 1948 τᾶλλα
1017 1883 1081 1948 ἐὼν

75 1991 182 2073 σοφὸς
190 1987 245 2054 καί
255 1989 443 2070 διαβάλλων
457 1990 584 2056 ἐκεῖνον
599 1985 647 2074 εὑ,
661 1990 812 2076 ἐντούτῳ
827 1989 968 2072 ἐσφάλη·
982 1989 1081 2074 χρεὸν

47 2081 139 2180 ’γάρ
162 2118 221 2178 μιν
242 2096 286 2179 μή
309 2094 417 2178 λέγειν
438 2097 476 2161 τὸ
499 2096 565 2176 ἐόν,
589 2097 794 2180 βουλόμενόν
814 2117 852 2178 γε
871 2096 1081 2179 Σπαρτιήτας

76 2201 247 2284 ἐξαγαγεῖν
278 2202 312 2278 ἐς
341 2203 402 2284 τὴν
426 2199 553 2285 Ἀσίην,
585 2198 673 2282 λέγει
702 2194 733 2264 θ’
763 2195 811 2266 ὧν
837 2211 939 2285 τριῶν
966 2211 1080 2284 μηνῶν

75 2310 143 2393 φάς
164 2301 250 2373 εἶναι
271 2308 332 2390 τήν
352 2308 491 2385 άνοόον.
522 2306 539 2372 ὑ
564 2302 601 2371 δέ
618 2306 812 2391 ὑπαρπάσας
829 2308 889 2372 τὸν
907 2306 1080 2372 ἐπίλοιπον

75 2417 178 2496 λόγον
195 2415 254 2478 τὸν
272 2412 290 2478 ό
306 2410 538 2498 Ἀρισταγόρης
556 2413 686 2497 ὥρμητο
700 2410 809 2495 λέγειν
826 2410 901 2496 περὶ
915 2421 972 2496 τῆς
986 2412 1079 2496 ὁδοῦ,

75 2514 160 2585 εἶπε·
191 2510 230 2583 Ὦ
257 2519 341 2596 ξεῖνε
364 2522 523 2602 Μιλήσιε,
551 2517 756 2584 ἀπαλλάσσεο
780 2518 816 2584 ἐκ
838 2519 994 2604 Σπάρτης
1015 2541 1080 2604 προ

76 2626 198 2700 δύντος
219 2623 328 2708 ἡλίου·
356 2624 478 2689 οὐδένα
498 2625 562 2709 γὰρ
585 2625 687 2706 λόγον
709 2623 826 2690 εὐεπέα
848 2623 954 2708 λέγεις
976 2629 1080 2689 Λακε-

76 2733 292 2814 δαιμονίοισι,
312 2729 438 2796 ἐθέλων
456 2729 559 2812 σφέας
576 2729 640 2794 ἀπὸ
657 2730 828 2814 θαλάσσης
845 2741 947 2811 τριῶν
965 2741 1080 2812 μηνῶν

76 2837 160 2903 ὁδὸν
179 2835 331 2918 ’ἀγαγεῖν
377 2835 396 2900 ὑ
423 2832 483 2918 μὲν
511 2835 551 2917 δή
575 2833 763 2920 Κλεομένης
790 2844 892 2899 ταῦτα
915 2839 1007 2909 είπας
1029 2835 1080 2916 ήιε
1099 2851 1129 2900 οι

75 2943 110 3019 ἐς
132 2944 173 3006 τά
196 2943 293 3025 οίκία,
316 2941 335 3008 ό
358 2937 395 3006 δὲ
414 2938 646 3024 Ἀρισταγόρης
664 2941 776 3023 λαβὼν
795 2941 960 3022 ἱκετηρίην
978 2939 1029 3022 ήιε
1048 2938 1081 3014 ἐς

74 3057 137 3113 τοῦ
164 3045 382 3130 Κλεομένεος,
411 3046 558 3112 ἐσελθὼν
594 3041 631 3110 δὲ
665 3048 729 3110 ίσω
757 3045 813 3110 ἅτε
840 3044 995 3110 ἱκετεύων
1027 3045 1081 3110 ἐπ-

76 3162 217 3220 ακοῦσαι
240 3151 368 3218 ἐκέλευε
389 3153 448 3218 τὸν
467 3149 665 3234 Κλεομένεα,
689 3148 925 3234 ἀποπέμψαντα
947 3151 985 3214 τὸ
1007 3172 1081 3216 παι·

77 3261 167 3326 δίον·
196 3260 414 3344 προσεστήκεε
440 3259 503 3340 γάρ
532 3257 572 3339 δή
595 3263 640 3342 τῷ
664 3253 845 3338 Κλεομένει·
869 3255 889 3338 ἡ
917 3257 1079 3341 θυγάτηρ,

76 3375 115 3450 τῇ
139 3365 269 3448 οὑνομα
291 3359 333 3447 ἡν
356 3365 485 3448 Γοργώ·
508 3370 606 3426 τοῦτο
631 3359 670 3425 δέ
690 3361 725 3425 οἱ
744 3358 798 3425 καὶ
818 3369 946 3444 μοῦνον
963 3360 1082 3427 τέκνον

77 3471 236 3556 ἐτύγχανε
258 3468 314 3534 ἐὸν
337 3467 436 3532 ἐτέων
459 3467 542 3532 ὀκτὼ
565 3465 585 3549 ἡ
604 3464 701 3532 ἐννέα
718 3464 856 3549 ἡλικίην.
883 3465 1082 3549 Κλεομένης
