2678 3970
408 260 475 316 ΜΒ.
491 260 550 318 vn.
588 260 664 317 οΑΡ.
684 267 806 320 εε-οο.
1051 263 1114 327 169

106 403 185 469 ἐλᾶν
218 405 376 489 στρατιὴν
408 403 461 471 ἐπὶ
492 406 554 490 τὴν
581 402 723 471 Ἑλλάδα
753 405 876 491 Ξέρξης
908 407 1114 492 ἀγαυρότατα

105 507 161 575 καί
184 510 526 595 μεγαλοπρεπέστατα,
555 511 660 577 ὀπίσω
688 509 725 578 δέ
747 510 823 596 περί
846 511 972 580 ἑωυτοῦ
989 513 1115 598 τρέχων

105 614 197 699 ἡξειν
214 617 247 693 ές
265 617 324 682 τὸν
343 617 445 683 αὐτὸν
463 629 582 703 χῶρον.
619 615 749 701 ἐγένετο
769 614 806 685 δὲ
824 617 880 684 καί
898 619 1011 705 ἕτερον
1025 620 1113 708 αύτῷ

105 720 203 807 τέρας
230 723 319 788 έόντι
346 723 383 788 ἐν
411 724 568 808 Σάρδισι·
600 723 739 808 ἡμίονος
765 725 829 809 γδρ
857 727 945 791 ἔτεκε
974 725 1115 809 ἡμίονον

107 828 181 907 διξά
209 831 351 914 ἔχουσαν
374 831 502 912 αίδοῑα,
531 827 655 914 τὰμὲν
678 833 827 916 ἔρσενος,
854 833 895 896 τδ
918 827 955 896 δέ
977 831 1114 915 θηλέης·

105 936 294 1021 κατύπερθε
326 933 363 1001 δὲ
394 931 437 1019 ἡν
467 938 507 1001 τδ
539 944 599 1002 τοῦ
631 938 773 1022 ἔρσενος.
822 947 890 1003 τῶν
918 936 1114 1023 ἀμφοτέρων
1133 952 1167 1002 σε

107 1044 210 1126 λόγον
238 1040 362 1108 οὐδένα
391 1042 612 1127 ποιησάμενος
634 1043 671 1108 τὸ
694 1045 808 1128 πρόσω
833 1042 1022 1130 ἐπορεύετο,
1050 1045 1114 1108 σὺν

107 1146 148 1214 δέ
169 1148 205 1213 oc
226 1147 244 1214 6
266 1149 360 1226 πεζὸς
383 1151 529 1232 στρατός.
570 1148 589 1215 6
613 1145 649 1214 δέ
671 1150 826 1226 ναυτικὸς
849 1148 910 1229 ἔξω
930 1150 990 1216 τὸν
1003 1146 1115 1232 Ἐλλή-

108 1273 255 1321 σποντον
278 1252 388 1318 πλέων
406 1255 495 1336 παρὰ
517 1262 580 1338 μην
599 1253 773 1339 ἐκομίζετο,
797 1257 838 1320 τδ
856 1258 995 1339 ἔμπαλιν
1013 1259 1116 1342 πρήσ-

107 1380 177 1428 σων
204 1367 266 1426 τοῦ
288 1361 395 1437 πεζοῦ.
441 1357 459 1424 6
487 1355 548 1444 μὲν
569 1360 633 1445 χδρ
655 1362 738 1446 πρὸς
762 1359 903 1446 ἕσπέρην
927 1364 1034 1444 ἔπλεε,
1063 1359 1116 1427 ἐπὶ

108 1466 348 1553 Σαρπηδονίης
380 1465 482 1549 άκρης
512 1467 709 1549 ποιεύμενος
739 1467 801 1550 τὴν
830 1465 956 1550 όπιξιν,
993 1467 1026 1544 ές
1054 1468 1115 1550 τὴν

107 1575 197 1662 αὐτῷ
219 1573 395 1658 προείρητο
415 1569 601 1659 ἀπικομένῳ
619 1570 822 1657 περιμένειν·
841 1572 859 1638 6
879 1569 916 1639 δὲ
934 1567 1005 1637 κατ’
1025 1575 1116 1656 ἡπει-

107 1705 170 1768 ρον
194 1679 331 1764 στρατὸς
352 1678 435 1764 πρὸς
457 1677 505 1761 ἡιθ
527 1700 563 1743 τε
590 1676 645 1743 καὶ
667 1677 764 1761 ἡλιόυ
787 1677 948 1756 ἀνατολάς
971 1678 1115 1744 ἐποιέετο

106 1789 168 1872 τὴν
192 1785 273 1852 ὁδὸν
298 1785 353 1848 διὰ
374 1792 432 1867 τῆς
450 1787 676 1869 Χερσονὴσου,
700 1783 737 1850 ἐν
761 1783 850 1869 δεξιῇ
872 1782 933 1868 μὲν
954 1787 1039 1870 έχων
1056 1786 1116 1849 τὸν

5 1929 14 1986 ἶι
107 1893 229 1976 Ἕλλης
255 1891 364 1974 τάφον
390 1897 448 1972 τῆς
472 1886 691 1974 Ἀθάμαντος,
720 1889 757 1956 έν
784 1890 938 1975 άριστερη
966 1887 1003 1956 δέ
1025 1893 1115 1975 Καρ-

107 2003 187 2083 δίην
223 1999 335 2079 πόλιν,
374 1995 429 2062 διδ
465 1995 566 2081 μέσης
602 1992 639 2062 δὲ
675 1999 898 2080 πορευόμενος
934 1999 1047 2072 πόλιος
1075 2005 1114 2080 τῇ

107 2107 237 2190 ούνομα
268 2103 424 2187 τυγχάνει
456 2102 512 2167 ἐὸν
535 2099 663 2188 Ἀγορή.
709 2101 867 2168 ἐνθεῦτεν
894 2100 932 2168 δὲ
958 2102 1114 2186 κάμπτων

5 2225 6 2230 ’
106 2216 168 2279 τὸν
191 2213 316 2276 κόλπον
343 2209 403 2274 τὸν
426 2207 566 2274 Μέλανα
592 2211 794 2292 καλεόμενον
816 2206 872 2273 καὶ
893 2208 1034 2275 Μέλανα
1055 2231 1115 2274 πο-

106 2320 229 2403 ταμόν,
258 2315 319 2382 ούκ
351 2315 547 2398 ἀντισχόντα
575 2317 648 2380 τότε
679 2323 719 2399 τῇ
746 2323 881 2400 στρατιῇ
907 2316 945 2380 τὸ
972 2315 1115 2402 ῥέεθρον

5 2457 6 2464 ¹
108 2422 180 2491 ἀλλ’
208 2422 415 2503 ἐπιλιπόντα,
442 2429 562 2486 τοῦτον
585 2423 644 2486 τὸν
667 2421 815 2505 ποταμὸν
839 2420 969 2504 διαβάς,
998 2420 1047 2487 ἐπ’
1074 2417 1115 2488 ού

5 2511 6 2556 6
107 2529 164 2598 καί
197 2529 216 2597 6
247 2531 369 2604 κόλπος
402 2521 499 2604 οὗτος
527 2528 589 2610 τὴν
617 2525 807 2611 ἐπωνυμίην
839 2529 919 2611 ἔχει,
950 2529 1002 2612 ἡιε
1034 2530 1116 2613 πρὸς

109 2636 270 2723 ἑσπέρην,
303 2628 410 2700 Αἶνόν
445 2655 480 2698 τε
516 2635 614 2698 πόλιν
646 2634 789 2698 Αἰολίδα
822 2631 877 2698 καί
911 2635 1115 2718 Στεντορίδα

5 2749 6 2760 ’
108 2747 232 2828 λίμνην
263 2737 442 2824 παρεξιών,
474 2737 508 2816 ἐς
540 2738 558 2804 δ
588 2738 719 2804 ἀπίκετο
751 2736 785 2815 ἐς
807 2741 985 2823 Δορίσκον.
1031 2740 1049 2803 ὁ
1078 2736 1115 2804 δὲ
1133 2754 1167 2804 σν

5 2873 6 2916 ῖ
108 2851 277 2935 Δορίσκος
295 2843 363 2911 ἐστὶ
381 2853 438 2928 τὴς
452 2847 596 2929 Θρηίκης
610 2846 757 2928 αἰγιαλός
769 2867 804 2908 τε
822 2841 877 2908 καὶ
890 2845 1007 2909 πεδίον
1022 2842 1114 2928 μέγα,

9 3012 14 3041 ,
109 2957 166 3020 διὰ
190 2951 227 3018 δέ
250 2951 354 3017 αὐτοῦ
373 2949 440 3036 ῥέει
458 2952 604 3034 ποταμὸς
622 2951 722 3034 μέγας
735 2947 869 3034 Ἕβρος·
892 2949 929 3014 ἐν
946 2956 992 3037 τῷ
1010 2953 1116 3034 τείχός

107 3084 144 3126 τε
163 3059 323 3142 ἐδέδμητο
342 3060 517 3140 βασιλήιον
534 3065 633 3122 τοῦτο
651 3057 689 3121 τὸ
709 3056 750 3139 δὴ
768 3058 936 3140 Δορίσκος
953 3054 1115 3139 κέκληται,

108 3165 165 3232 καί
185 3163 344 3250 Περσέων
364 3164 496 3248 φρουρὴ
519 3161 556 3228 ἐν
574 3163 661 3228 αύτιι
681 3164 871 3244 κατεστὴκεε
889 3161 954 3226 ὑπὸ
967 3166 1116 3247 Δαρείου

5 3307 6 3336 ι
109 3271 143 3350 ἐξ
167 3273 297 3338 ἐκείνου
319 3279 380 3336 τοῦ
400 3271 525 3355 χρόνου
544 3268 648 3334 έπείτε
667 3265 720 3333 ἐπὶ
738 3269 878 3345 Σκύθας
896 3267 1115 3362 ἐστρατεύετο.

110 3376 203 3456 ἔδοξε
227 3372 275 3443 ὧν
293 3383 338 3464 τῷ
357 3373 463 3461 Ξέρξη
482 3375 500 3441 ὁ
519 3385 622 3460 χῶρος
641 3369 726 3439 εἶναι
744 3371 913 3456 ἐπιτήδεος
931 3373 1116 3453 ἐνδιατάξαι

107 3507 144 3549 τε
177 3481 233 3549 καί
266 3480 480 3565 ἐξαριθμῆσαι
509 3482 568 3546 τὸν
600 3482 756 3564 στρατόν,
785 3477 840 3545 καί
868 3479 974 3546 ἐποίεε
1005 3489 1115 3546 ταῦτα.
