2572 3980
228 245 273 308 34
641 245 827 302 HERODOTI

228 388 355 454 ἐκεῖνον
387 385 424 454 δὲ
454 395 624 476 λευστῆρα.
670 388 738 454 ἐπεὶ
771 385 807 454 δέ
839 387 857 454 ό
884 390 964 464 θεὸς
995 389 1092 452 τοῦτό
1120 409 1158 470 γε
1188 386 1226 451 ού

228 495 419 578 παρεδίδου,
438 495 593 561 ἀπελθὼν
612 496 716 560 ὀπίσω
731 494 900 577 ἐφρόντιζε
914 496 1064 578 μηχανήν
1078 499 1116 577 τῆ
1131 491 1225 567 αὐτὸς

228 597 448 685 δἈδρηστος
470 599 693 678 ἀπαλλάξεται.
718 601 762 676 ὡς
785 599 824 664 δέ
841 601 876 665 οί
891 599 1089 683 ἐξευρῆσθαι
1107 597 1225 678 ἐδόκεε,

227 702 356 787 πέμψας
374 706 406 782 ἐς
420 709 531 790 Θήβας
544 708 600 782 τὰς
614 709 773 782 Βοιωτίας
791 708 854 789 ἔφη
873 705 986 770 θέλειν
1005 703 1225 787 ἐπαγαγέσθαι
1278 703 1279 782 ff

228 811 446 877 Μελάνιππον
469 814 528 878 τὸν
547 809 719 877 Ἀστακοῦ·
742 811 777 876 οί
793 809 829 874 δὲ
848 815 988 894 Θηβαῖοι
1007 812 1138 875 ἔδοσαν.
1175 809 1226 874 ἐπ-

227 920 430 1000 αγαγόμενος
453 915 490 983 δὲ
512 918 530 984 δ
550 918 756 1000 Κλεισθένης
777 918 836 982 τὸν
854 916 1073 982 Μελάνιππον
1095 915 1227 999 τέμενός
1278 981 1279 990 ,

227 1022 263 1086 οἱ
282 1021 416 1101 ἀπέδεξε
439 1023 475 1088 ἐν
498 1023 586 1110 αὐτῷ
608 1031 654 1111 τῷ
677 1023 867 1108 πρυτανηίῳ
890 1025 948 1086 καί
967 1043 1024 1104 μιν
1042 1021 1159 1106 ἵδρυσε
1177 1021 1226 1086 ἐν·
1278 1001 1279 1076 δ

226 1134 336 1192 θαῦτα
363 1129 400 1194 ἐν
426 1137 471 1217 τῷ
496 1130 706 1216 ἰσχυροτάτῳ.
753 1127 930 1210 ἐπηγάγετο
954 1123 991 1190 δέ
1014 1127 1072 1191 τὸν
1095 1127 1226 1192 Μελάν-

228 1253 328 1298 ιππον
352 1234 369 1299 ὁ
388 1233 594 1316 Κλεισθένης
617 1231 684 1320 (καὶ
706 1235 769 1317 γάρ
792 1241 889 1297 τοῦτο
909 1233 963 1298 δεῖ
977 1231 1225 1316 ἀπηγήσασθαι)

227 1338 271 1414 ὡς
298 1341 453 1423 ἔχθιστον
483 1339 579 1404 ἐόντα
604 1333 783 1422 Ἀδρήστῳ,
812 1337 848 1414 ὃς
870 1341 929 1402 τόν
950 1361 986 1402 τε
1008 1338 1173 1421 ἀδελφεόν
1196 1338 1229 1402 οι*

226 1444 397 1526 Μηκιστέα
424 1445 597 1510 ἀπεκτόνεε
623 1443 678 1508 καὶ
704 1445 763 1507 τὸν
785 1445 935 1528 γαμβρὸν
961 1443 1077 1509 Τυδέα.
1123 1443 1226 1509 ἐπείτε

227 1549 267 1613 δέ
287 1550 323 1614 οί
341 1551 378 1614 τὸ
401 1549 534 1634 τέμενος
556 1549 700 1631 ἀπέδεξε,
723 1552 844 1624 θυσίας
866 1571 900 1613 τε
922 1545 978 1613 καὶ
996 1548 1093 1632 ὁρτὰς
1113 1545 1226 1632 Ἀδρή-

226 1671 307 1720 στου
330 1655 529 1740 ἀπελόμενος
551 1657 652 1720 έδωκε
674 1663 719 1741 τῷ
738 1656 953 1740 Μελανίππῳ.
991 1653 1026 1718 οἱ
1042 1651 1078 1718 δὲ
1098 1656 1225 1719 Σικυώ-

225 1785 293 1826 νιοι
320 1761 469 1826 ἐώθεσαν
496 1759 677 1845 μεγαλωστὶ
704 1761 806 1844 κάρτα
828 1769 925 1843 τιμᾶν
948 1761 1007 1824 τὸν
1025 1758 1226 1844 Ἀδρηστον·
1279 1765 1280 1850 ή

225 1867 246 1950 ἡ
273 1869 336 1952 γάρ
364 1868 453 1952 χάρη
481 1863 523 1951 ήν
555 1868 636 1950 αύτη
665 1869 838 1949 Πολύβου,
867 1865 885 1931 δ
914 1863 951 1930 δὲ
971 1864 1155 1950 Ἀδρηστος
1186 1862 1226 1948 ήν
1278 1865 1280 1906 λ

226 1975 385 2057 Πολύβου
416 1971 650 2058 θυγατριδέος,
684 1974 780 2049 ἀπαις
812 1968 849 2036 δὲ
880 1962 1035 2054 Πόλυβος
1065 1975 1226 2036 τελευτῶν

226 2082 318 2145 διδοῖ
334 2079 499 2166 Ἀδρήστῳ
522 2081 582 2163 τήν
605 2079 717 2163 ἀρχήν.
753 2078 792 2142 τά
814 2100 848 2142 τε
872 2077 913 2160 δή
936 2079 1019 2141 ἀλλα
1042 2076 1078 2142 οί
1098 2079 1226 2142 Σικυώ-

225 2209 293 2250 νιοι
312 2186 431 2270 ἐτίμων
449 2187 507 2250 τὸν
518 2184 702 2268 Ἀδρηστον
720 2182 774 2247 καὶ
793 2184 833 2266 δή
852 2185 934 2268 πρὸς
947 2184 986 2248 τά
999 2183 1110 2248 πάθεα
1124 2184 1228 2248 αὐτοῦ

224 2302 408 2373 τραγικοῖσι
439 2301 567 2373 χοροῖσι
598 2289 784 2372 ἐγέραιρον,
815 2290 874 2353 τὸν
903 2286 964 2372 μὲν
987 2290 1160 2354 Διόνυσον
1187 2289 1227 2355 ού

225 2405 396 2476 τιμῶντες,
427 2396 487 2458 τὸν
514 2392 551 2459 δέ
569 2393 764 2476 Ἀδρήστου.
810 2393 1015 2477 Κλεισθένης
1042 2391 1079 2458 δὲ
1106 2398 1228 2480 χοροὺς

227 2496 287 2584 μὲν
309 2507 353 2585 τῳ
377 2500 534 2584 Διονύσῳ
558 2496 719 2580 ἀπέδωκε,
741 2500 801 2582 τήν
825 2497 862 2563 δὲ
884 2501 988 2582 ἀλλην
1010 2501 1137 2582 θυσίην
1159 2504 1227 2565 Με-

174 2619 208 2671 68
227 2606 386 2690 λανίππῳ.
421 2601 601 2687 ταῦταμὲν
620 2603 653 2680 ἐς
664 2602 849 2688 Ἀδρηστόν
868 2605 903 2669 οί
919 2604 1101 2687 ἐπεποίητο,
1121 2608 1230 2689 φυλὰς

228 2705 264 2774 δέ
282 2710 338 2784 τάς
352 2708 522 2793 Δωριέων,
541 2710 596 2774 ἵνα
615 2711 656 2792 δή
675 2712 718 2794 μή
737 2712 774 2774 αί
789 2711 884 2775 αὐταί
903 2713 981 2775 ἔωσι
1000 2721 1084 2774 τοῖσι
1098 2715 1229 2776 Σικυω-

226 2818 329 2879 νίοισι
346 2813 401 2878 καὶ
419 2825 505 2878 τοῖσι
523 2813 706 2898 Ἀργείοισι,
726 2815 880 2899 μετέβαλε
898 2815 931 2894 ἐς
948 2817 1031 2880 ἀλλα
1050 2816 1230 2899 οὐνόματα.

227 2923 311 2986 ἔνθα
346 2918 401 2984 καὶ
433 2926 587 2987 πλεῖστον
613 2920 806 3004 κατεγέλασε
837 2931 903 2984 τῶν
931 2923 1144 2986 Σικυωνίων·
1178 2921 1230 2988 ἐπὶ

227 3029 290 3111 γάρ
317 3027 375 3103 ὑός
402 3049 435 3091 τε
462 3025 517 3091 καὶ
545 3029 626 3092 ὄνου
649 3029 706 3102 τάς
728 3026 915 3109 ἐπωνυμίας
937 3027 1123 3110 μετατιθεὶς
1145 3029 1231 3093 αὐτὰ

227 3134 267 3196 τά
288 3138 456 3196 τελευταῖα
480 3132 630 3215 ἐπέθηκε,
653 3134 739 3214 πλήν
761 3140 818 3214 τῆς
839 3130 964 3197 ἑωυτοῦ
983 3139 1103 3215 φυλῆς·
1126 3136 1231 3218 ταύτῃ

229 3235 265 3301 δὲ
296 3238 333 3300 τὸ
366 3238 493 3321 ούνομα
523 3238 585 3302 ἀπὸ
617 3247 674 3320 τῆς
702 3236 826 3302 ἑωυτοῦ
854 3239 954 3322 ἀρχῆς
985 3242 1090 3302 ἔθετο.
1137 3235 1233 3304 οὗτοι

228 3338 288 3425 μέυ
317 3342 357 3424 δή
383 3339 550 3427 Ἀρχέλαοι
577 3340 764 3424 ἐκαλέοντο,
792 3342 896 3428 ἕτεροι
925 3342 962 3408 δὲ
985 3340 1106 3422 Ὑᾶται,
1136 3345 1234 3408 ἄλλοι

228 3443 265 3512 δὲ
285 3445 439 3530 Ὀνεᾶται,
463 3447 568 3530 ἕτεροι
589 3445 626 3512 δέ
646 3452 827 3528 Χοιρεᾶται.
864 3449 1010 3512 τούτοισι
1028 3458 1114 3512 τοῖσι
1134 3451 1234 3515 ούνό-
