2632 3970
170 227 234 292 372
581 223 767 280 HERODOTI

170 369 294 454 ἐγίνετο
328 370 457 450 [ἔπειτα
484 369 670 454 ἐπειρώτων
696 371 775 444 τούς
800 369 973 453 προφήτας
999 369 1037 432 τὸ
1065 372 1174 431 αίτιον

169 485 228 540 τοῦ
251 476 431 560 παρεόντος
452 477 566 557 κακού,
591 476 626 539 οί
646 470 683 538 δὲ
706 473 834 540 αὐτοῖσι
857 475 1013 559 ἔφραζον]
1033 473 1084 537 ὅτι
1102 472 1175 536 ἀδί-

168 603 233 656 κως
264 581 323 645 τὸν
355 581 505 663 φύλακον
532 591 600 644 τῶν
628 581 710 664 ίρῶν
736 579 911 664 προβάτων
939 577 1089 660 Εὐήνιον
1116 585 1176 659 τῆς

169 685 265 762 όψιος
292 683 483 768 ἐστέρησαν·
517 682 611 749 αὐτοὶ
638 685 701 768 γάρ
732 684 913 769 ἐπορμῆσαι
940 685 1018 759 τοὺς
1040 683 1174 763 λύκους,

169 791 210 857 οὐ
232 792 395 878 πρότερόν
413 814 448 856 τε
470 791 658 855 παύσεσθαι
680 788 896 874 τιμωρέοντες
919 789 1032 876 ἐκείνφ
1053 785 1134 872 πρὶν
1152 786 1174 870 ή

170 897 263 973 δίκας
286 898 369 961 δῶσι
390 905 457 961 τῶν
481 895 640 979 ἐποίησαν
661 895 782 970 ταύτας
803 896 861 971 τὰς
883 893 925 959 ἀν
944 895 1042 970 αὐτὸς
1061 892 1176 976 ἕληται

168 999 223 1066 καλ
238 1004 374 1067 δικαιοί·
391 1002 518 1066 τούτων
533 997 570 1065 δέ
583 983 786 1084 τελεομένων
800 997 896 1064 αὐτοὶ
906 1000 1027 1065 δώσειν
1036 998 1174 1084 Εὐηνίῳ

170 1108 265 1172 δόσιν
287 1107 444 1189 τοιαύτην
466 1107 527 1190 τήν
550 1107 693 1182 πολλούς
711 1130 768 1191 μιν
791 1116 964 1191 μακαριεῖν
982 1104 1175 1187 ἀνθρώπων

118 1233 153 1282 υτ
169 1214 295 1295 ἔχοντα.
339 1213 378 1276 τά
401 1208 462 1295 μὲν
485 1214 665 1296 χρηστήρια
688 1212 791 1276 ταῦτά
813 1227 874 1296 σφι
897 1211 1056 1296 ἐχρήσθη,
1080 1233 1113 1274 οι
1105 1205 1175 1273 ’δέ

166 1313 423 1401 Ἀπολλωνιῆται
450 1316 619 1402 ἀπόρρητα
647 1317 863 1400 ποιησάμενοι
890 1314 1079 1401 προέθεσαν
1105 1325 1174 1378 τῶν

169 1421 277 1487 ἀστῶν
301 1422 442 1507 ἀνδράσι
465 1421 649 1509 διαπρῆξαι.
693 1423 728 1486 οί
714 1420 788 1486 ίδέ
809 1437 869 1506 σφι
893 1420 1072 1506 διέπρηξαν
1095 1415 1174 1484 ὧδε·

169 1525 354 1611 κατημένου
381 1528 532 1611 Εὐηνίου
562 1527 599 1592 έν
625 1527 727 1614 θώκῳ
755 1527 911 1602 ἐλθόντες
938 1527 974 1592 οί
996 1529 1173 1611 παρίζοντο
1304 1581 1305 1590 ,

51 1658 55 1669 ·
169 1630 223 1696 καὶ
246 1633 366 1716 λόγους
388 1634 509 1708 ἀλλους
532 1631 713 1714 ἐποιεῦντο,
738 1632 771 1708 ἐς
794 1631 811 1697 6
834 1630 1031 1714 κατέβαινον
1054 1634 1173 1695 συλλυ-

170 1739 327 1825 πεύμενοι
348 1744 394 1824 τῷ
413 1737 523 1801 πάθεϊ.
561 1737 661 1821 ταύτῃ
681 1734 718 1801 δὲ
736 1736 918 1819 ὑπάγοντες
936 1737 1082 1821 εἰρόντων
1099 1737 1171 1798 τίνα

171 1845 267 1926 δικην
291 1842 332 1908 ἀν
351 1842 469 1925 ἕλοιτο,
493 1843 524 1906 εί
542 1840 691 1906 ἐθέλοιεν
707 1837 964 1924 Ἀπολλωνιῆται
983 1842 1076 1917 δίκας
1093 1841 1174 1905 ὐπο-

171 1958 287 2034 στῆναι
314 1949 435 2014 δύσειν
461 1956 528 2012 τῶν
556 1946 723 2029 ἐποίησαν.
768 1947 786 2012 6
815 1944 852 2012 δὲ
880 1947 942 2012 οὐκ
966 1945 1114 2030 ἀκηκοὼς
1135 1947 1173 2011 τὸ

171 2059 376 2140 θεοπρόπιον
405 2054 508 2119 είλετο
536 2057 628 2128 είπας
656 2058 689 2116 εί
706 2055 756 2128 τίς
779 2053 814 2116 oc
839 2053 914 2135 δοίη
941 2051 1079 2137 ἀγρούς,
1106 2063 1173 2116 τῶν

171 2161 280 2226 ἀστῶν
307 2160 474 2244 ὀνομάσας
495 2168 582 2223 τοῖσι
604 2157 762 2239 ήπίστατο
786 2152 872 2221 εἶναι
893 2160 1089 2234 καλλίστους
1111 2158 1174 2222 δύο

170 2267 312 2349 κλήρους
333 2275 401 2328 τῶν
424 2263 461 2328 ἐν
483 2271 522 2347 τῆ
543 2260 754 2346 Ἀπολλωνίῃ,
777 2259 832 2325 καὶ
851 2267 981 2344 οίκησιν
998 2263 1081 2346 πρὸς
1098 2263 1175 2326 τού-

171 2384 257 2435 τοισι
287 2368 348 2450 τήν
379 2367 456 2453 ῆδεε
471 2373 474 2379 ’
487 2371 665 2450 καλλίστην
697 2367 818 2432 ἐοῦσαν
849 2377 916 2431 τῶν
948 2367 985 2432 ἐν
1015 2376 1055 2452 τῆ
1084 2371 1174 2433 πόλι·

171 2474 298 2538 τούτων
326 2470 364 2538 δέ
391 2475 454 2556 ἔφη
483 2472 643 2555 ἐπήβολος
669 2475 847 2556 γενόμενος
868 2481 938 2538 τοῦ·
952 2477 1071 2539 λοιποῦ
1094 2473 1175 2559 ἀμή-
1303 2459 1304 2514 6

172 2601 262 2655 νιτος
284 2573 385 2662 εἶναι,
412 2575 467 2643 καὶ
491 2579 586 2661 δίκην
609 2581 645 2643 οἱ
663 2579 787 2661 ταύτην
811 2578 959 2663 ἀποχρᾶν
981 2578 1174 2664 γενομένην.
1209 2601 1211 2606 ·
1303 2581 1304 2592 ’

171 2683 226 2751 καὶ
258 2684 276 2750 6
304 2681 365 2769 μὲν
391 2693 493 2749 ταῦτα
522 2687 627 2767 ἔλεγε,
660 2684 695 2748 οί
719 2681 757 2748 δὲ
783 2684 942 2768 πάρεδροι
969 2679 1065 2749 εἶπαν
1094 2684 1174 2751 ὐπο-

172 2793 342 2875 λαβόντες·
378 2789 518 2873 Εὐήνιε,
551 2791 674 2872 ταύτην
707 2790 803 2872 δίκην
831 2786 1088 2873 Ἀπολλωνιῆται
1118 2798 1175 2872 τῆς

173 2897 396 2981 ἐκτυφλώσιος
424 2895 593 2960 ἐκτίνουσί
616 2917 668 2960 τοι
694 2896 776 2958 κατά
802 2897 989 2980 θεοπρόπια
1015 2895 1055 2972 τὰ
1082 2897 1175 2978 χενό·

173 3026 263 3086 μενα.
305 3001 323 3066 6
347 2997 407 3085 μὲν
431 3000 472 3083 δή
495 3001 578 3083 πρὸς
599 3008 701 3064 ταῦτα
724 2999 817 3064 δεινά
838 2999 993 3084 ἐποιέετο,
1017 2999 1176 3067 ἐνθεῦτεν

172 3111 362 3192 πυθόμενος
389 3106 447 3169 τὸν
474 3106 581 3169 πάντα
607 3107 724 3188 λόχον,
752 3104 796 3181 ὡς
823 3103 1050 3189 ἐξαπατηθείς·
1082 3107 1118 3171 ολ
1139 3103 1176 3172 δέ

172 3214 347 3297 πριάμενοι
373 3211 462 3295 παρά
488 3219 555 3274 τῶν
581 3207 766 3294 ἐκτημένων
789 3211 925 3276 διδοῦσί
945 3210 980 3275 οί
998 3211 1039 3275 τὰ
1062 3211 1175 3277 είλετο.

173 3315 227 3379 καὶ
254 3317 335 3398 μετὰ
361 3323 464 3380 ταῦτα
492 3314 607 3380 αὐτίκα
629 3317 777 3399 ἐμφντον
799 3317 960 3400 μαντικήν
983 3310 1064 3400 εἶχε,
1092 3317 1176 3382 έόστε

123 3434 158 3484 ⁹5
173 3415 228 3481 καὶ
251 3418 434 3499 ὀνομαστὸς
455 3416 621 3500 γενέσθαι.
664 3419 784 3484 τούτου
807 3420 849 3501 δή
873 3420 891 3486 6
914 3423 1089 3500 Δηίφονος
1111 3421 1176 3486 ἐὼν
