2678 3968
206 271 270 335 256
618 269 804 326 HERODOTI

207 414 242 478 δὲ
261 412 473 497 ἐπισπόμενοι
492 413 525 493 ἐξ
545 415 703 498 ἐναντίης.
736 423 837 478 ταῦτα
855 413 1115 497 βουλευσάμενοι
1133 411 1213 478 ἀπέ·
1324 412 1325 434 ³

204 540 333 602 πεμπον
358 529 426 584 τῶν
455 530 543 584 νεῶν
569 520 627 595 τὰς
653 523 843 603 ταχθείσας,
872 516 966 584 αὐτοὶ
994 517 1054 582 οὐκ
1081 517 1118 583 έν
1140 521 1212 605 νόω

205 626 334 708 ἔχοντες
354 626 475 708 ταύτης
496 634 553 708 τῆς
575 623 696 708 ήμέρης
718 635 805 690 τοῖσι
819 622 955 707 Ἕλλησι
978 623 1210 706 ἐπιθήσεσθαι,

206 727 285 796 οὐδὲ
306 733 468 816 πρότερον
490 729 511 814 ή
534 733 571 795 τὸ
595 730 752 814 σύνθημά
775 746 835 814 σφι
857 733 970 814 ἔμελλε
1000 731 1211 813 φανήσεσθαι

205 837 293 921 παρὰ
318 847 386 902 τῶν
413 839 656 921 περιπλεόντων
679 836 724 912 ὡς
749 835 907 919 ἡκόντων.
938 837 1058 911 ταύτας
1085 831 1145 916 μέν
1169 836 1211 918 δή

204 942 440 1027 περιέπεμπον,
468 953 535 1007 τῶν
563 938 600 1008 δέ
627 939 769 1006 λοιπέων
796 953 883 1006 νεῶν
905 941 942 1006 έν
963 949 1038 1026 τήσι
1058 937 1211 1024 Ἀφετῇσι

171 1065 186 1116 8
206 1049 377 1113 ἐποιεῦντο
397 1047 551 1132 ἀριθμόν.
578 1048 614 1113 έν
633 1043 670 1112 δέ
687 1048 793 1134 τούτῳ
812 1056 857 1134 τῷ
875 1049 985 1134 χρόνῳ
1004 1047 1098 1134 ἐντῷ
1118 1041 1212 1111 οὗτοι

206 1153 353 1238 ἀριθμὸν
380 1153 551 1220 ἐποιεῦντο
578 1165 646 1218 τῶν
668 1163 754 1218 νεῶν
778 1148 834 1238 (ήν
862 1155 925 1238 γάρ
948 1153 985 1218 έν
1007 1159 1052 1239 τῷ
1076 1169 1212 1237 στρατο-

205 1257 295 1346 πέδῳ
318 1259 425 1346 τούτῳ
444 1263 611 1342 Σκυλλίης
629 1263 825 1340 Σκιωναῖος,
850 1259 949 1340 δύτης
970 1269 1037 1324 τῶν
1059 1261 1132 1323 τότε
1155 1257 1211 1322 ἀν-

205 1365 354 1448 θρώπων
377 1366 524 1450 ἀριστος,
555 1365 591 1442 ὃς
613 1363 668 1429 καὶ
691 1364 728 1429 έν
749 1373 789 1449 τῇ
812 1367 954 1450 ναυηγίη
977 1373 1016 1448 τῇ
1038 1365 1119 1429 κατὰ
1141 1366 1212 1446 Πή-

206 1476 280 1535 λιον
306 1469 468 1556 γενομένη
492 1472 597 1552 πολλὰ
624 1467 685 1554 μὲν
708 1472 809 1535 ἔσωσε
832 1481 899 1535 τῶν
925 1471 1099 1555 χρημάτων
1125 1479 1213 1535 τοῖσι
1329 1529 1330 1538 ,

206 1573 372 1662 Πέρσησι,
404 1579 510 1642 πολλά
538 1573 575 1642 δέ
602 1574 657 1641 καὶ
685 1576 783 1652 αὐτὸς
804 1575 1038 1661 περιεβάλετο),
1070 1571 1167 1652 οὗτος
1194 1576 1212 1640 ὁ

207 1685 375 1765 Σκυλλίης
398 1683 435 1748 έν
457 1685 526 1769 νόω
550 1678 610 1766 μὲν
634 1677 698 1767 εἶχε
722 1683 785 1766 ἀρα
807 1679 861 1746 καὶ
884 1684 1046 1768 πρότερον
1074 1681 1213 1766 αὐτομο-

207 1790 320 1871 λήσειν
343 1787 377 1864 ἐς
398 1791 477 1868 τοὺς
492 1787 668 1872 Ἕλληνας,
699 1782 771 1853 ἀλλ’
797 1787 838 1852 ού
863 1788 927 1872 γάρ
951 1788 986 1853 οί
1004 1787 1146 1873 παρέσχε
1169 1789 1214 1864 ὡς

207 1896 289 1961 τότε.
321 1895 401 1981 ότεω
433 1890 493 1977 μέν
518 1894 558 1976 δή
580 1895 690 1980 τρόπω
713 1892 751 1958 τὸ
775 1893 933 1959 ἐνθεῦτεν
955 1896 1003 1960 ἐτι
1025 1893 1157 1959 ἀπίκετο
1181 1893 1214 1970 ἐς
1315 1903 1331 1947 ἐ

207 2001 285 2077 τοὺς
299 1998 477 2083 Ἕλληνας,
507 1998 568 2064 ούκ
590 2001 653 2083 ἔχω
677 2001 781 2064 εἰπεῖν
803 1997 977 2082 ἀτρεκέως,
1004 2000 1146 2084 θωμάζω
1177 1995 1212 2064 δὲ
1331 2015 1332 2020 ’

208 2107 240 2169 εί
258 2107 299 2170 τά
321 2107 480 2190 λεγόμενά
503 2105 571 2171 ἐστι
594 2104 733 2189 ἀληθέα·
761 2103 888 2187 λέγεται
914 2105 977 2188 γάρ
1001 2106 1045 2182 ὡς
1068 2105 1101 2185 ἐξ
1120 2103 1212 2189 Ἀφε-

208 2208 292 2275 τέων
320 2213 380 2287 δὺς
403 2212 436 2288 ἐς
457 2213 518 2295 τήν
540 2213 715 2277 θάλασσαν
738 2210 779 2276 ού
800 2213 963 2295 πρότερον
992 2211 1107 2296 ἀνέσχε
1134 2209 1213 2296 πρὶν

208 2315 228 2398 ἢ
256 2315 387 2381 ἀπίκετο
421 2315 473 2382 ἐπὶ
503 2318 540 2381 τὸ
569 2313 787 2401 Ἀρτεμίσιον,
822 2317 976 2394 σταδίους
1007 2318 1146 2401 μάλιστά
1172 2341 1213 2403 κη
1320 2299 1323 2305 ’

208 2421 347 2497 τούτους
375 2422 407 2497 ἐς
435 2421 626 2504 ὀγδώκοντα
654 2423 709 2486 διδι
734 2431 791 2506 τῆς
823 2423 993 2506 θαλάσσης
1025 2423 1214 2501 διεξελθών.

210 2524 337 2610 λέγεται
368 2526 428 2611 μέν
459 2551 523 2592 νυν
554 2526 609 2592 καὶ
640 2529 722 2592 ἀλλα
752 2527 888 2606 ψευδέσι
919 2535 1027 2596 είκελα
1053 2528 1128 2616 περὶ
1154 2539 1215 2596 τοῦ

210 2633 331 2716 ἀνδρὸς
353 2634 487 2716 τούτου,
511 2635 551 2698 τά
574 2629 611 2699 δὲ
633 2632 820 2718 μετεξέτερα
842 2635 983 2719 ἀληθέα·
1005 2633 1080 2718 περὶ
1103 2636 1216 2720 μέντοι

208 2740 330 2805 τούτου
356 2741 470 2823 γνώμη
498 2763 555 2824 μοι
581 2739 795 2825 ἀποδεδέχθω
823 2745 926 2829 πλοίῳ
955 2766 1012 2825 μιν
1039 2741 1216 2807 ἀπικέσθαι

10 2853 11 2870 ’
121 2875 123 2882 ,
210 2842 262 2910 ἐπί
288 2846 326 2910 τὸ
351 2842 564 2932 Ἀρτεμίσιον.
602 2847 646 2924 ὡς
674 2843 710 2912 δὲ
737 2846 883 2930 ἀπίκετο,
916 2847 1033 2913 αὐτίκα
1060 2847 1216 2931 ἐσήμαινε
1320 2915 1332 2945 ⁴

208 2962 295 3017 τοῖσι
318 2963 529 3037 στρατηγοῖσι
550 2953 613 3034 τήν
634 2975 670 3017 τε
688 2955 852 3035 ναυηγίην
870 2952 915 3028 ὡς
936 2951 1067 3036 γένοιτο
1086 2952 1217 3032 καὶτὰς

174 3061 493 3142 νπεριπεμφθείσας
523 3068 589 3122 τῶν
621 3067 708 3122 νεῶν
739 3053 814 3142 περὶ
845 3057 1003 3140 Εὔβοιαν.
1049 3067 1146 3124 τοῦτο
1179 3057 1217 3125 δέ

209 3161 409 3241 ἀκούσαντες
432 3164 467 3228 οί
479 3161 635 3247 Ἕλληνες
658 3165 759 3246 λόγον
782 3166 877 3246 σφίσι
900 3162 1029 3236 αὐτοῖσι
1050 3164 1215 3231 ἐδίδοσαν.

209 3273 343 3334 πολλῶν
361 3265 397 3335 δὲ
416 3267 603 3353 λεχθέντων
622 3269 714 3334 ἐνίκα
731 3269 792 3352 τήν
813 3267 940 3352 ἡμέρην
958 3269 1088 3352 ἐκείνην
1112 3271 1216 3337 αὐτοῦ

210 3374 385 3456 μείναντάς
406 3396 441 3438 τε
462 3371 518 3438 καί
540 3372 770 3457 αὐλισθέντας,
793 3373 963 3458 μετέπειτα
985 3375 1089 3440 νύκτα
1112 3376 1217 3460 μέσην

210 3475 372 3561 παρέντας
394 3479 598 3560 πορεύεσθαι
619 3477 674 3544 καί
696 3479 845 3544 ἀπαντᾶν
866 3487 941 3564 τήσι
960 3483 1216 3567 περιπλεούσῃσι
