2640 3960
200 221 242 286 38
610 219 797 275 HERODOTI

199 386 278 440 τους
300 372 356 446 τῆς
375 359 528 448 Ἀττικῆς,
548 363 724 440 Χαλκιδέες
744 387 780 430 τε
802 362 854 430 ἐπὶ
876 364 917 429 τά
938 363 1032 450 έτερα
1050 362 1205 429 ἐσίνοντο

201 468 347 545 ἐπιόντες
374 471 501 556 χώρους
529 480 586 554 τῆς
609 468 760 554 Ἀττικῆς.
803 467 974 554 Ἀθηναῖοι
1003 467 1054 552 δέ,
1087 473 1206 554 καίπερ

201 573 381 662 ἀμφιβολίῃ
405 576 569 661 ἐχόμενοι,
593 581 750 642 Βοιωτῶν
778 573 838 661 μὲν
860 575 914 642 καὶ
937 575 1130 641 Χαλκιδέων
1154 577 1206 642 ἐσ-

202 681 342 766 ύστερον
365 685 501 766 ἔμελλον
524 685 656 766 μνήμην
673 686 883 767 ποιήσεσθαι,
902 685 1207 764 Πελοποννησίοισι

149 808 182 858 '15
202 783 239 851 δέ
262 787 354 854 ἐοῦσι
377 788 413 853 ἐν
433 785 595 854 Ἐλευσῖνι
618 788 713 853 ἀντία
736 791 853 854 ἔθεντο
875 789 916 853 τὰ
938 789 1029 854 ὅπλα.
1067 791 1207 872 μελλόν-
1291 829 1292 882 η

201 916 268 958 των
296 891 332 959 δέ
359 894 521 971 συνάψειν
546 895 587 957 τά
610 895 812 977 στρατόπεδα
839 893 872 971 ές
895 894 1000 978 μάχην
1023 896 1207 976 Κορίνθιοι

202 996 261 1083 μὲν
282 1010 406 1083 πρῶτοι
424 1001 520 1081 σφίσι
538 999 668 1063 αὐτοῖσι
687 1000 800 1075 δόντες
818 1001 918 1081 λόγον
937 999 982 1075 ὡς
1000 999 1041 1064 ού
1059 997 1207 1064 ποιέοιεν

202 1105 241 1168 τά
273 1105 382 1170 δίκαια
413 1103 648 1188 μετεβάλλοντό
681 1126 716 1168 τε
747 1102 802 1168 καὶ
829 1105 1092 1186 ἀπαλλάσσοντο,
1124 1107 1207 1188 μετὰ

202 1206 239 1275 δὲ
262 1211 459 1298 Δημάρητος
487 1209 504 1274 ὁ
529 1206 738 1294 Ἀρίστωνος,
766 1209 831 1274 έὼν
852 1208 907 1274 καὶ
930 1204 1027 1286 οὗτος
1050 1207 1208 1292 βασιλεὺς
1291 1277 1292 1288 ,

203 1316 452 1400 Σπαρτιητέων,
484 1312 538 1380 καὶ
570 1313 802 1396 συνεξαγαγών
832 1336 866 1378 τε
897 1315 958 1398 τὴν
985 1317 1141 1398 στρατιὴν
1171 1317 1208 1383 ἐκ

203 1423 451 1505 Λακεδαίμονος
481 1417 535 1485 καὶ
568 1419 629 1484 ούκ
657 1419 720 1484 ἐὼν
753 1420 914 1502 διάφορος
940 1419 977 1484 έν
1003 1429 1048 1506 τῷ
1075 1425 1206 1506 πρόσθε

203 1531 311 1614 χρόνῳ
343 1523 531 1609 Κλεομένεϊ.
582 1523 645 1588 ἀπὸ
682 1520 718 1588 δὲ
752 1525 871 1607 ταύτης
907 1533 964 1606 τῆς
996 1525 1208 1610 διχοστασίης
1291 1533 1292 1562 ¹

204 1633 300 1718 ἐτέθη
328 1634 429 1716 νόμος
457 1631 493 1696 ἐν
516 1630 652 1715 Σπάρτη
681 1631 724 1713 μὴ
753 1628 871 1708 ἐξεῖναι
896 1629 1036 1695 ἕπεσθαι
1064 1631 1204 1715 ἀμφοτέ-

204 1764 284 1826 ρους
300 1741 378 1816 τοὺς
396 1737 549 1821 βασιλέας
567 1735 717 1818 έξιούσης
734 1745 900 1821 στρατιῆς·
919 1735 1000 1812 τέως
1017 1738 1080 1822 γάρ
1099 1738 1207 1822 ἀμφό·

203 1869 292 1932 τεροι
324 1845 467 1910 εἵποντο·
500 1841 754 1928 παραλυομένου
787 1839 824 1906 δὲ
850 1843 978 1908 τούτων
1004 1851 1064 1907 τοῦ
1092 1841 1207 1928 ἑτέρου

201 1955 455 2019 καταλείπεσθαι
480 1947 623 2014 καὶτῶν
650 1947 883 2030 Τυνδαριδέων
905 1949 964 2012 τὸν
987 1947 1115 2032 ἕτερον·
1141 1953 1205 2034 πρὸ

202 2068 262 2124 τοῦ
285 2059 347 2144 γὰρ
372 2058 412 2140 δὴ
435 2053 489 2120 καλ
512 2050 605 2120 οὗτοι
628 2053 807 2137 ἀμφότεροι
830 2051 998 2134 ἐπίκλητοί
1017 2069 1078 2136 σφι
1096 2054 1208 2133 ἐόντες

204 2164 344 2227 εἵποντο.
389 2163 461 2226 τότε
489 2161 529 2244 δὴ
559 2160 595 2226 ἐν
618 2167 656 2242 τῇ
681 2155 843 2221 Ἐλευσῖνι
873 2157 1014 2242 ὁρῶντες
1041 2161 1076 2224 οἱ
1096 2162 1207 2228 λοιποὶ

203 2279 269 2332 τῶν
296 2267 476 2350 συμμάχων
503 2266 581 2341 τούς
606 2286 641 2328 τε
664 2261 816 2345 βασιλέας
843 2272 909 2326 τῶν
932 2266 1208 2349 Λακεδαιμονίων
1291 2297 1292 2316 ¹

205 2373 264 2436 ούκ
279 2370 518 2455 ὁμολογέοντας
535 2367 590 2435 καὶ
603 2371 809 2453 Κορινθίους
828 2369 1018 2446 ἐκλιπόντας
1035 2371 1096 2454 την
1113 2373 1207 2451 τάξιν
1291 2389 1292 2398 ’

152 2498 185 2547 τε
205 2484 335 2562 οίχοντο
358 2475 412 2541 καλ
435 2473 530 2540 αὐτοὶ
553 2474 848 2558 ἀπαλλασσόμενοι,
871 2473 1026 2560 τέταρτον
1045 2479 1086 2560 δη
1106 2489 1206 2544 τοῦτο
1291 2461 1292 2510 Ῑ

205 2583 256 2650 έπλ
274 2584 334 2666 τὴν
349 2579 495 2664 Ἀττικὴν
514 2580 705 2663 ἀπικόμενοι
719 2578 874 2664 Δωριέες,
891 2581 941 2657 δίς
958 2603 993 2646 τε
1007 2580 1060 2659 ἐπὶ
1073 2584 1206 2673 πολέμῳ
1291 2597 1292 2618 ¹

205 2691 397 2774 ἐσβαλόντες
418 2685 472 2752 καλ
496 2685 547 2763 δίς
569 2683 618 2752 ἐπ’
645 2685 760 2774 ἀγαθῷ
783 2695 844 2751 τοῦ
865 2689 1010 2769 πλήθεος
1023 2695 1088 2753 ’τοῦ
1108 2686 1206 2774 Ἀθη-

204 2800 319 2880 ναίων,
342 2806 473 2881 πρῶτον
496 2789 556 2878 μὲν
579 2793 632 2858 ὅτε
653 2791 706 2857 καλ
726 2791 865 2877 Μέγαρα
882 2796 1072 2859 κατοίκισαν
1093 2792 1207 2882 (οὗτος

205 2903 223 2968 δ
252 2905 368 2977 στόλος
389 2899 441 2966 έπλ
464 2899 600 2982 Κόδρου
627 2899 860 2982 βασιλεύοντος
884 2895 1070 2981 Ἀθηναίων
1094 2901 1206 2985 ὀρθῶς

206 3008 247 3072 ἀν
269 3005 446 3092 καλέοιτο),
478 3006 633 3087 δεύτερον
661 3001 697 3069 δὲ
724 3000 779 3066 καὶ
801 2990 912 3087 τ’ρίτον
940 3004 993 3069 ὅτε
1016 3003 1068 3070 ἐπὶ
1091 3010 1205 3072 Πεισι-

205 3109 405 3195 στρατιδέων
423 3109 569 3188 ἐξέλασιν
588 3106 788 3193 ὁρμηθέντες
811 3107 845 3172 ἐκ
864 3108 1018 3193 Σπάρτης
1036 3111 1203 3195 ἀπίκοντο,

205 3216 359 3296 τέταρτον
394 3211 430 3280 δὲ
461 3219 532 3280 τότε
560 3216 613 3280 ὅτε
641 3214 674 3290 ές
702 3211 871 3278 Ἐλευσῖνα
898 3213 1086 3298 Κλεομένης
1113 3218 1205 3299 ἀγων

206 3324 497 3403 Πελοποννησίους
520 3318 665 3402 ἐσέβαλε·
690 3318 775 3384 οὕτω
796 3316 951 3402 τέταρτον
968 3322 1040 3384 τότε
1058 3323 1204 3407 Δωριέες

155 3447 187 3496 '17
207 3427 363 3512 ἐσέβαλον
401 3427 433 3504 ές
464 3423 613 3508 Ἀθήνας
665 3420 883 3500 διαλυθέντος
914 3418 960 3488 ὧν
991 3434 1051 3489 τοῦ
1082 3431 1203 3494 στόλου
