2678 3970
161 238 225 300 140
571 233 758 289 HERODOTI

159 377 318 464 Περσέων
339 387 406 444 τῶν
429 377 573 464 άρίστων
596 377 750 461 ἐποιέετο,
774 377 830 443 ἵνα
848 377 980 463 γνώμας
997 399 1032 442 τε
1051 378 1160 460 πύθη-

158 486 217 548 ταί
240 498 353 567 σφεων
379 481 434 548 καὶ
461 484 560 561 αὐτὸς
587 484 624 549 ἐν
650 493 730 548 πάσι
752 488 826 569 είπη
848 484 889 548 τὰ
909 481 1011 549 θέλει.
1056 483 1101 560 ὡς
1123 479 1161 548 ὑέ

123 616 144 650 α
162 588 424 673 συνελέχθησαν,
457 587 544 668 ἔλεξε
575 588 697 676 Ξέρξης
731 589 822 654 τάδε·
850 587 990 676 ’Ἀνὺρες
1022 591 1160 675 Πέρσαι,

160 689 232 760 οὔτ’
262 695 360 772 αὐτὸς
386 697 609 779 κατηγήσομαι
631 697 737 778 νόμον
759 695 858 760 τόνδε
887 694 924 760 έν
950 694 1031 780 ὑμίν
1053 693 1160 771 τιθεὶς

158 799 425 887 παραδεξάμενός
449 823 485 866 τε
513 801 601 888 αὐτῷ
624 802 794 887 χρήσομαι.
840 799 884 877 ὡς
905 801 968 886 γάρ
992 801 1056 885 ἐγὼ
1078 823 1161 866 πυν-

158 905 306 991 θάνομαι
331 917 399 972 τῶν
423 905 672 993 πρεσβυτέρων,
701 906 830 991 οὐδαμά
856 929 903 970 κω
930 906 1161 994 ἠτρεμίσαμεν,

159 1013 263 1079 ἐπείτε
280 1011 508 1100 παρελάβομεν
524 1012 586 1096 τήν
602 1011 783 1097 ἡγεμονίην
800 1013 899 1096 τήνδε
916 1013 1005 1098 παρὰ
1017 1014 1160 1096 Μήδων,

158 1119 277 1205 Κύρου
298 1119 491 1195 κατελόντος
509 1115 700 1201 Ἀστυάγεα·
723 1117 806 1182 ἀλλὰ
827 1119 907 1195 θεός
928 1140 963 1183 τε
982 1118 1069 1184 οὑτω
1088 1119 1162 1202 άγει

159 1221 215 1289 καὶ
242 1224 371 1290 αὐτοῖσι
397 1223 477 1309 ήμϊν
502 1224 608 1290 πολλά
634 1221 791 1290 ἐπέπουσι
818 1222 1020 1310 συμφέρεται
1047 1221 1100 1289 ἐπλ
1121 1225 1160 1290 τὸ

158 1331 304 1414 ἄμεινον.
348 1331 389 1394 τά
410 1328 472 1414 μέν
493 1353 558 1394 νυν
579 1330 692 1416 Κῦρός
712 1351 748 1395 τε
770 1326 825 1395 καὶ
847 1330 1029 1415 Καμβύσης
1052 1333 1160 1416 πατήρ

158 1457 193 1501 τε
202 1433 279 1520 ἐμὸς
287 1441 431 1521 Δαρεῖος
443 1435 684 1521 κατεργάσαντο
698 1433 753 1500 καὶ
766 1435 1033 1522 προσεκτήσαντο
1048 1439 1160 1518 ἔθνεα,

159 1540 403 1626 ἐπισταμένοισι
421 1535 459 1606 εὑ
478 1541 539 1607 οὐκ
556 1542 598 1606 ἄν
616 1563 666 1618 τις
684 1540 783 1624 λέγοι.
820 1541 884 1624 ἐγὼ
903 1538 940 1606 ὑέ
958 1541 1062 1606 ἐπείτε
1079 1563 1161 1626 παρ·

159 1646 281 1731 έλαβον
305 1647 366 1712 τὸν
387 1648 518 1732 θρόνον
538 1655 673 1730 τοῦτον,
701 1646 895 1733 ἐφρόντιζον
923 1647 1006 1723 ὅκως
1028 1647 1072 1730 μή
1095 1649 1161 1711 λεί-

158 1762 264 1836 ψομαι
293 1763 361 1817 τῶν
391 1754 553 1838 πρότερον
584 1750 773 1837 γενομένων
803 1752 840 1818 ἐν
866 1760 942 1837 τιμῇ
972 1753 1050 1837 τῇδε
1077 1749 1161 1836 μηδὲ

159 1856 285 1924 ἐλάσσω
309 1861 554 1944 προσκτήσομαι
572 1858 715 1942 δύναμιν
732 1855 896 1944 Πέρσησι·
919 1860 1105 1942 φροντίζων
1123 1855 1161 1922 ὑέ

158 1962 299 2050 εὑρίσκω
322 1965 388 2050 ἅμα
411 1963 471 2050 μὲν
494 1965 594 2040 κῦδος
615 1963 694 2048 ἡμῖν
712 1962 1108 2049 προσγινόμενονγάρην
1125 1988 1161 2030 τε

157 2075 217 2152 τῆς
246 2077 311 2134 νῦν
342 2069 505 2155 ἐκτήμεθα
537 2068 599 2133 οὐκ
625 2067 789 2134 ἐλάσσονα
823 2064 902 2134 οὑὺε
929 2066 1160 2157 φλαυροτέρην

157 2173 423 2261 παμφορωτέρην
444 2197 489 2256 τε,
512 2175 579 2259 ἅμα
601 2169 638 2238 ὑέ
659 2176 822 2258 τιμωρίην
839 2196 874 2239 τε
891 2171 946 2238 καί
963 2177 1052 2240 τίσιν
1069 2199 1161 2259 γινο·

159 2277 271 2363 με’νην.
312 2281 364 2345 διὸ
396 2278 497 2364 ὑμέας
527 2287 592 2344 νῦν
623 2278 687 2360 ἐγὼ
718 2277 890 2361 συνέλεξα,
923 2279 979 2346 ’ίνα
1006 2281 1043 2346 τὸ
1071 2280 1158 2346 νοέω

122 2391 141 2466 β
158 2385 318 2469 πρήσσειν
339 2382 552 2469 ὑπερθέωμαι
573 2381 662 2466 ὑμῖν.
703 2381 811 2468 μέλλω
838 2383 948 2462 ζεύξας
969 2385 1028 2450 τὸν
1047 2381 1159 2471 Ἑλλή-

159 2504 304 2554 σποντον
327 2487 404 2553 ἐλᾶν
427 2488 567 2572 στρατὸν
590 2488 646 2551 ὑιά
667 2495 724 2571 τῆς
745 2488 909 2574 Εὐρώπης
931 2488 985 2555 ἐπὶ
1009 2492 1071 2576 τήν
1089 2489 1160 2558 Ἑλ-

157 2593 252 2677 λάὺα,
276 2593 331 2659 ἵνα
348 2590 548 2677 Ἀθηναίους
568 2593 802 2678 τιμωρήσωμαι
822 2594 884 2660 ὅσα
903 2596 944 2680 δή
962 2599 1159 2681 πεποιήκασι

157 2698 290 2785 Πέρσας
310 2721 346 2764 τε
367 2697 422 2764 καὶ
444 2697 567 2783 πατέρα
589 2699 648 2762 τὸν
671 2697 759 2782 ἐμόν.
804 2697 908 2785 ὡρᾶτε
930 2698 996 2784 μέν
1018 2727 1082 2768 νυν
1104 2702 1160 2769 καὶ

157 2813 304 2893 Δαρεῖον
332 2805 473 2871 ίθύουτα
499 2804 739 2892 στρατεύεσθαι
762 2803 815 2870 ἐπὶ
836 2807 915 2882 τοὺς
937 2809 1062 2894 άνὺρας
1082 2811 1158 2874 τού-

156 2936 244 2990 τους.
289 2907 359 2978 άλλ’
394 2911 412 2978 ὑ
444 2906 505 2996 μὲν
531 2911 736 2994 τετελεύτηκε
765 2908 821 2974 καὶ
848 2911 909 2976 οὐκ
936 2911 1100 2996 ἐξεγένετό
1128 2915 1163 2980 οί

156 3021 421 3104 τιμωρήσασθαι·
451 3015 514 3101 ἐγὼ
543 3012 579 3082 ὑὲ
601 3015 683 3102 ὑπέρ
706 3039 743 3080 τε
770 3015 899 3081 ἐκείνου
928 3015 983 3082 καὶ
1009 3029 1077 3085 τῶν
1104 3023 1160 3086 άλ·

157 3127 227 3187 λων
250 3123 407 3208 Περσέων
435 3123 477 3188 ού
502 3125 664 3208 πρότερον
690 3122 860 3207 παύσομαι
885 3121 965 3209 πρὶν
991 3123 1012 3208 ή
1040 3124 1102 3190 ἕλω
1125 3148 1160 3192 τε

156 3225 213 3291 καί
238 3230 381 3312 πυρώσω
408 3229 466 3304 τὰς
489 3221 644 3311 Ἀθήνας,
675 3227 711 3292 οἵ
729 3251 767 3310 γε
795 3223 850 3312 ἐμὲ
876 3226 931 3293 καὶ
954 3229 1079 3317 πατέρα
1100 3233 1160 3296 τὸν

157 3332 239 3416 ἐμὸν
260 3330 408 3418 ὑπῆρξαν
430 3333 528 3397 άὺικα
548 3341 725 3410 ποιεῦντες.
763 3343 876 3418 πρῶτα
898 3331 960 3418 μέν
983 3335 1016 3413 ές
1033 3337 1160 3423 Σάρὺις

157 3437 314 3514 ἐλθόντες
349 3437 414 3520 ἅμα
443 3433 656 3524 Ἀρισταγόρῃ
692 3445 738 3524 τῷ
770 3443 941 3530 Μιλησίῳ,
980 3442 1089 3531 ὑούλφ
1122 3438 1159 3508 ὑέ
