2678 3970
436 278 578 334 L13.vl1.
615 278 689 335 οεΡ.
709 287 831 336 εε-ει,
1077 284 1137 349 171

136 421 267 488 Οτάνεα
288 423 349 488 τὸν
364 419 572 507 Ἀμήστριος,
599 421 724 508 πατέρα
745 434 802 508 τῆς
825 424 951 510 Ξέρξεω
974 431 1140 510 γυναικός.

136 527 311 594 ἐκαλέοντο
337 525 375 594 δέ
400 529 501 594 πάλαι
523 529 587 594 ὑπὸ
611 526 673 613 μὲν
691 525 860 613 Ἑλλήνων
883 535 1052 618 Κηφῆνες,
1077 535 1141 600 ὑπὸ

135 633 250 720 μέντοι
269 634 384 718 σφέων
403 635 513 700 αὐτῶν
531 632 587 700 καί
605 647 672 700 τῶν
690 639 870 719 περιοίκων
885 634 1036 720 Ἀρταῖοι.
1073 639 1142 706 ἐπεὶ

138 739 175 806 δὲ
189 743 340 816 Περσεύς
357 741 375 806 ὁ
390 741 528 824 Δανάης
545 764 580 806 τε
598 740 653 805 καὶ
667 743 751 819 Διὸς
769 741 901 808 ἀπίκετο
919 747 1007 828 παρά
1024 746 1143 830 Κηφέα

11 931 14 958 ‚
136 871 196 914 τον
218 851 331 930 Βήλου
353 844 408 912 καί
427 850 500 931 ἐσχε
519 847 624 913 αὐτοῦ
641 848 703 930 τὴν
720 848 890 933 θυγατέρα
908 846 1143 936 Ἀνδρομέδην,

136 957 263 1037 γίνεται
293 953 382 1040 αὐτῷ
405 964 482 1030 παις
503 961 549 1040 τῷ
573 954 701 1038 οὔνομα
725 957 822 1020 ἔθετο
846 955 997 1040 Πέρσην,
1024 966 1144 1023 τοῦτον

138 1057 175 1125 δὲ
203 1059 308 1124 αὐτοῦ
330 1061 527 1125 καταλείπει·
561 1059 718 1144 ἐτύγχανε
741 1061 804 1145 γάρ
829 1062 926 1138 άπαις
948 1062 1013 1128 ἐὼν
1035 1063 1054 1128 δ
1078 1067 1145 1147 Κη-

136 1167 222 1250 φεὺς
245 1169 379 1252 ἔρσενος
405 1168 519 1248 γόνου.
565 1163 618 1230 ἐπὶ
644 1167 766 1231 τούτου
796 1168 837 1250 δὴ
865 1168 927 1251 τὴν
955 1169 1145 1253 ἐπωνυμίην

136 1275 246 1351 ἐσχον.
281 1273 396 1356 Μῆδοι
419 1268 457 1337 δέ
474 1271 536 1354 τὴν
554 1271 660 1355 αὐτὴν
677 1273 802 1356 ταύτην
820 1273 1013 1359 ἐσταλμένοι
1031 1275 1143 1360 ἐστρα-
1163 1298 1197 1348 εκ

137 1380 289 1444 τεύοντο·
311 1378 449 1461 Μηδικὴ
472 1379 535 1462 γάρ
559 1378 641 1460 αύτη
664 1377 686 1460 ἡ
709 1382 810 1462 σκευή
833 1379 903 1445 ἐστι
924 1378 979 1445 καὶ
1001 1380 1042 1446 ού
1060 1387 1146 1467 Περ-

137 1487 224 1568 σική.
261 1484 297 1550 οί
317 1480 354 1549 δέ
371 1485 487 1568 Μῆδοι
509 1485 653 1569 ἄρχοντα
675 1480 736 1568 μὲν
759 1489 956 1570 παρείχοντο
978 1489 1146 1570 Τιγράνην

73 1605 75 1610 “
136 1591 248 1673 ἄνδρα
266 1587 506 1674 Ἀχαιμενίδην,
530 1588 703 1655 ἐκαλέοντο
726 1587 764 1655 δέ
786 1590 887 1656 πάλαι
909 1593 993 1675 πρὸς
1011 1593 1146 1658 πάντων

139 1696 259 1782 Ἀριοι,
283 1695 482 1780 ἀπικομένης
506 1692 543 1760 δέ
561 1697 713 1778 Μηδείης
735 1704 793 1778 τῆς
810 1699 976 1781 Κολχίδος
997 1697 1029 1776 ἐξ
1050 1693 1147 1783 Ἀθη-

139 1804 227 1870 νέων
250 1803 284 1880 ἐς
304 1805 383 1880 τούς
402 1799 531 1886 Ἀρίους
553 1802 694 1877 τούτους
716 1800 896 1886 μετέβαλον
918 1801 974 1869 καὶ
998 1799 1091 1869 οὗτοι
1108 1806 1145 1870 τὸ

9 1931 15 1954 ⁵
139 1912 278 1994 οὔνομα.
314 1906 409 1974 αὐτοὶ
430 1906 506 1994 περὶ
528 1906 642 1992 σφέων
665 1901 731 1972 ὧδε
749 1907 885 1991 λέγουσι
904 1911 1028 1993 Μῆδοι.
1065 1914 1147 1978 Κίσ-

139 2034 209 2083 σιοι
237 2012 274 2081 δέ
296 2016 550 2101 στρατευόμενοι
577 2015 617 2078 τά
642 2009 703 2096 μὲν
725 2013 808 2079 άλλα
831 2015 913 2078 κατά
934 2038 995 2101 περ
1020 2017 1146 2102 Πέρσαι

140 2122 353 2203 ἐσκευάδατο,
372 2118 446 2186 ἀντὶ
460 2115 497 2185 δέ
515 2129 583 2184 τῶν
600 2121 707 2183 πίλων
726 2122 924 2205 μιτρηφόροι
939 2117 1033 2204 ἦσαν.
1065 2127 1144 2189 Κισ-

139 2233 225 2295 σίων
249 2224 286 2293 δέ
312 2223 391 2312 ἦρχε
411 2224 556 2309 Ἀνάφης
581 2225 600 2290 δ
621 2221 769 2290 Ὀτάνεω.
810 2222 976 2311 Ὑρκάνιοι
1003 2225 1040 2294 δέ
1066 2231 1147 2294 κατά

141 2356 203 2420 περ
234 2332 362 2416 Πέρσαι
394 2331 583 2415 ἐσεσάχατο,
616 2329 763 2415 ἡγεμόνα
789 2335 1008 2417 παρεχόμενοι
1034 2337 1148 2419 Μεγά-

140 2462 250 2507 πανον
266 2440 327 2504 τὸν
339 2440 541 2520 Βαβυλῶνος
558 2436 699 2521 ὕστερον
716 2437 845 2502 τούτων
859 2437 1148 2523 ἐπιτροπεύσαντα.

138 2542 307 2631 Ἀσσύριοι
334 2540 371 2609 δὲ
403 2545 657 2628 στρατευόμενοι
688 2539 764 2625 περί
794 2540 856 2626 μὲν
882 2553 957 2629 τῇσι
986 2553 1148 2632 κεφαλῇσι
1167 2565 1200 2614 63

142 2648 233 2738 εἶχον
260 2649 380 2736 χάλκεά
401 2671 436 2714 τε
462 2648 585 2733 κράνεα
612 2646 666 2713 καί
694 2647 901 2733 πεπλεγμένα
926 2653 1052 2736 τρόπον
1074 2655 1149 2719 τινά

141 2760 313 2843 βάρβαρον
336 2756 397 2822 ούκ
419 2755 637 2838 εὐαπήγητον,
660 2753 801 2831 ἀσπίδας
824 2751 860 2819 δέ
883 2754 938 2819 καί
961 2758 1077 2840 αίχμάς
1094 2756 1150 2824 καί

9 2927 19 2960 χ
143 2864 322 2949 ἐγχειρίδια
344 2863 555 2946 παραπλήσια
572 2869 647 2944 τῇσι
665 2863 867 2946 Αίγνπτίησι
887 2855 989 2944 εἶχον,
1013 2863 1095 2947 πρὸς
1112 2860 1149 2929 δέ

142 2971 272 3056 ῥόπαλα
289 2968 397 3048 ξύλων
410 2966 617 3051 τετυλωμένα
631 2968 757 3054 σιδήρῳ
772 2964 827 3030 καὶ
841 2964 972 3043 λινέους
985 2969 1149 3051 θώρηκας.

143 3073 238 3142 οὗτοι
260 3072 298 3142 δέ
320 3075 384 3141 ὑπὸ
408 3071 469 3158 μὲν
487 3071 656 3155 Ἑλλήνων
679 3070 852 3137 καλέονται
870 3072 1003 3157 Σύριοι,
1025 3073 1090 3138 ὑπὸ
1113 3071 1151 3140 δέ

143 3193 209 3248 τῶν
224 3181 401 3267 βαρβάρων
412 3177 580 3264 Ἀσσύριοι
594 3178 794 3260 ἐκλήθησαν.
825 3177 966 3258 [τούτων
980 3174 1017 3244 δέ
1031 3179 1151 3262 μεταξύ

143 3289 333 3368 Χαλδαῖοι]
384 3282 464 3371 ἦρχε
497 3283 536 3350 δέ
566 3299 680 3367 σφεων
708 3280 868 3365 Ὀτάσπης
899 3282 918 3349 ὁ
946 3279 1150 3370 Ἀρταχαίεω.

144 3395 300 3475 Βάκτριοι
333 3388 370 3457 δέ
401 3388 477 3476 περὶ
508 3386 570 3474 μέν
599 3397 674 3472 τῇσι
701 3393 863 3473 κεφαλῇσι
890 3388 1057 3475 ἀγχοτάτω
1084 3403 1152 3457 τῶν
1171 3407 1203 3459 64

146 3500 308 3583 Μηδικῶν
331 3501 461 3582 ἔχοντες
480 3495 727 3580 ἐστρατεύοντο,
751 3493 829 3573 τόξα
848 3490 885 3560 δὲ
903 3495 1066 3578 καλάμινα
1085 3497 1152 3562 ἐπι-
