2632 3970
203 223 268 287 332
613 223 800 278 HERODOTI

203 367 322 442 πάντες
348 365 402 432 καὶ
431 367 640 434 ἀπικνέονται
668 367 700 444 ές
727 365 909 433 Ἐλευσῖνα·
945 367 1139 449 ποιήσαντες
1167 363 1204 432 δέ
1300 407 1301 426 .

203 470 258 537 καὶ
281 472 427 538 ἐνθαῦτα
456 474 526 558 ίρά,
555 475 599 551 ὥς
622 490 682 558 σφι
710 472 906 557 ἐκαλλιέρεε,
933 474 971 537 τὸ
994 475 1105 558 πρόσω
1130 472 1204 538 ἐπο-
1300 515 1301 520 1

205 580 358 661 ρεύοντο,
379 576 551 662 Ἀθηναῖοι
575 576 611 644 δέ
634 581 699 663 άμα
722 579 865 661 αὐτοῖσι,
892 579 1063 662 διαβάντες
1085 575 1146 662 μὲν
1170 578 1205 644 ἐκ

205 688 408 769 Σαλαμῖνος,
437 685 651 770 συμμιγέντες
679 681 715 750 δέ
744 685 779 750 έν
799 682 970 751 Ἐλευσῖνι.
1014 685 1058 760 ὡς
1081 681 1117 750 δὲ
1141 686 1204 768 ἀρα

205 791 361 856 ἀπίκοντο
392 800 450 874 τῆς
476 796 637 874 Βοιωτίης
668 791 701 866 ές
725 787 902 876 Ἐρυθράς,
940 793 1068 876 ἔμαθόν
1095 813 1131 855 τε
1164 792 1204 874 δη
1252 791 1264 814 “

204 899 283 973 τοὺς
309 897 496 981 βαρβάρους
523 895 576 963 έπλ
601 905 646 985 τῷ
671 891 805 984 Ἀσωπῷ
833 896 1204 981 στρατοπεδευομένους,
1300 883 1301 900 ¹

206 1002 412 1089 φρασθέντες
440 1000 476 1068 δὲ
503 1013 601 1068 τοῦτο
629 1003 866 1068 ἀντετάσσοντο
894 1001 946 1068 ἐπὶ
973 1013 1029 1086 τῆς
1055 1002 1206 1088 ὑπωρέης

152 1133 186 1181 εο
206 1118 266 1174 τοῦ
293 1113 514 1196 Κιθαιρῶνος.
558 1109 754 1193 Μαρδόνιος
781 1108 833 1192 δέ,
866 1110 910 1186 ὡς
942 1109 983 1186 οὐ
1009 1107 1205 1193 κατέβαινον

206 1215 242 1279 οί
253 1213 409 1298 Ἕλληνες
432 1215 465 1292 ές
486 1217 523 1279 τὸ
541 1216 669 1297 πεδίον,
692 1214 809 1299 πέμπει
827 1215 861 1292 ές
879 1215 1000 1292 αὐτοὺς
1017 1225 1125 1280 πᾶσαν
1143 1217 1206 1298 τὴν

205 1322 317 1404 ἵππον,
340 1329 397 1404 τῆς
421 1321 575 1406 ἱππάρχεε
592 1324 778 1398 Μασίστιος
796 1320 996 1405 εὐδοκιμέων
1014 1323 1101 1406 παρὰ
1120 1320 1207 1406 Πέρ-
1300 1329 1301 1332 ’

206 1445 298 1513 σησι,
326 1428 384 1492 τὸν
404 1424 561 1509 Ἓλληνες
583 1429 770 1492 Μακίστιον
797 1425 965 1510 καλέουσι,
993 1427 1094 1492 ἵππου
1122 1430 1207 1512 ἔχων

206 1537 360 1617 Νησαῖον
391 1532 644 1617 χρυσοχάλινόν
663 1555 699 1596 τε
734 1531 788 1598 καὶ
825 1533 931 1608 άλλως
961 1532 1206 1618 κεκοσμημένον

205 1644 320 1716 καλῶς.
358 1637 504 1703 ἐνθαῦτα
526 1637 571 1715 ὡς
592 1640 805 1723 προσήλασαν
828 1637 863 1702 οί
880 1638 1011 1703 ίππόται
1029 1640 1111 1724 πρὸς
1128 1642 1207 1716 τοὺς

207 1742 383 1828 Ἕλληνας,
406 1742 634 1830 προσέβαλλον
656 1745 736 1808 κατά
758 1742 861 1827 τέλεα,
883 1744 1146 1828 προσβάλλοντες
1169 1743 1206 1810 δὲ

207 1852 291 1916 κακά
313 1850 435 1934 μεγάλα
457 1849 631 1935 ἐργάζοντο
649 1847 703 1913 καὶ
721 1850 879 1931 γυναῖκάς
897 1867 1000 1933 σφεας
1018 1850 1205 1917 ἀπεκάλεον.

154 1977 188 2028 21
208 1957 290 2021 κατά
316 1958 496 2040 συντυχίην
524 1950 560 2019 δὲ
582 1954 752 2038 Μεγαρέες
775 1957 891 2039 ἔτυχον
913 1953 1089 2039 ταχθέντες
1110 1965 1149 2040 τῇ
1172 1981 1207 2022 τε

209 2063 453 2147 ἐπιμαχώτατον
484 2055 527 2144 ἦν
553 2069 614 2124 τοῦ
643 2064 768 2144 χωρίου
794 2061 929 2142 παντός,
961 2057 1015 2124 καὶ
1042 2063 1208 2146 πρόσοδος

208 2169 348 2252 μάλιστα
376 2169 478 2252 ταάτη
506 2167 632 2250 ἐγίνετο
659 2175 698 2250 τῇ
721 2166 817 2254 ἴππφ.
861 2168 1133 2252 προσβαλλούσης
1160 2164 1207 2234 ὧν

207 2281 265 2354 τῆς
292 2273 394 2337 ἵππου
423 2272 458 2337 οί
477 2270 646 2355 Μεγαρέες
672 2273 855 2356 πιεζόμενοι
881 2275 1024 2358 ἔπεμπον
1051 2274 1103 2341 έπὶ
1129 2279 1207 2352 τοὺς

209 2379 412 2464 στρατηγοὺς
442 2387 509 2441 τῶν
527 2373 701 2460 Ἑλλήνων
727 2380 867 2462 κήρυκα,
898 2378 1093 2464 ἀπικόμενος
1120 2377 1157 2446 δὲ
1189 2381 1206 2445 ὁ

209 2481 310 2570 κῆρυξ
346 2482 429 2566 πρὸς
460 2481 581 2558 αὐτοὺς
612 2485 702 2565 ἔλεγε
732 2483 822 2548 τάδε·
858 2483 1027 2568 Μεγαρέες
1058 2484 1206 2568 λέγουσι·

204 2587 331 2675 Ἡμεῖς,
355 2589 475 2673 ἀνδρες
497 2588 676 2672 σύμμαχοι,
704 2588 745 2652 οὐ
768 2589 908 2655 δυνατοί
927 2592 1017 2674 είμεν
1038 2591 1099 2674 την
1121 2597 1208 2677 Περ-

209 2695 295 2762 σέων
323 2694 424 2758 ἴππον
452 2691 607 2758 δέκεσθαι
635 2701 769 2777 μοῦνοι,
797 2697 926 2778 ἔχοντες
948 2695 1063 2760 στάσιν
1084 2696 1207 2779 ταύτην

209 2803 243 2880 ές
265 2802 324 2886 τὴν
351 2803 490 2884 ἔστημεν
517 2799 634 2884 ἀρχήν·
667 2798 749 2864 ἀλλά
775 2797 829 2864 καλ
857 2800 889 2876 ές
915 2801 991 2866 τόδε
1017 2805 1151 2888 λιπαρίη
1173 2826 1206 2868 τε
1300 2847 1301 2858 ι

209 2905 264 2974 καὶ
288 2906 385 2992 ἀρετῇ
408 2903 587 2990 ἀντέχομεν
608 2907 724 2987 καίπερ
747 2905 939 2988 πιεζόμενοι.
974 2914 1037 2971 νῦν
1058 2931 1094 2972 τε
1117 2911 1148 2973 εί
1164 2923 1209 2992 μη

209 3038 302 3090 τινας
320 3014 441 3089 ἀλλους
459 3010 600 3096 πέμψετε
619 3011 796 3094 διαδόχους
813 3019 869 3093 τῆς
886 3009 1003 3092 τάξιος,
1023 3018 1091 3079 ίστε
1108 3012 1210 3101 ἡμέας

210 3121 422 3198 ἐκλείψοντας
439 3117 500 3200 την
518 3115 618 3194 τάξιν.
650 3115 668 3182 ὁ
686 3111 747 3201 μέν
765 3117 807 3199 δή
821 3132 881 3200 σφι
898 3125 1000 3182 ταῦτα
1017 3117 1210 3204 ἀπήγγελλε,

210 3227 405 3307 Παυσανίης
428 3219 465 3288 δέ
487 3222 680 3307 ἀπεπειρᾶτο
703 3231 769 3287 τῶν
787 3217 952 3304 Ἑλλήνων
976 3228 1009 3288 εί
1026 3245 1114 3301 τινες
1136 3225 1211 3292 ἐθέ-

210 3336 302 3396 λοιεν
329 3331 424 3394 ἀλλοι
451 3326 623 3394 ἐθελονταὶ
652 3326 736 3393 ίέναι
758 3351 793 3392 τε
820 3327 853 3404 ές
874 3329 932 3394 τὸν
954 3337 1063 3413 χῶρον
1090 3339 1212 3397 τοῦτον

210 3432 264 3500 καὶ
295 3434 476 3497 τάσσεσθαι
504 3434 653 3516 διάδοχοι
680 3435 878 3516 Μεγαρεῦσι
927 3432 968 3498 οὐ
996 3433 1213 3519 βουλομένων
