2678 3968
441 196 507 251 ιιο.
522 197 596 251 vnl.
634 197 711 254 cAP.
731 205 853 254 ει-ιε.
1084 197 1151 263 263

144 339 379 426 Θερμοπύλῃσι
407 336 511 427 (ήσαυ
540 337 576 406 δέ
603 340 658 410 καὶ
686 343 747 408 δύο
775 340 966 428 μυριάδες),
993 342 1152 408 ὑπολιπό-

143 468 245 530 μενος
266 447 394 512 τοῦτων
416 447 461 524 ὡς
483 451 620 532 χιλίους,
643 451 722 524 τοὺς
744 451 881 524 λοιποὺς
902 449 1051 535 τάφρους
1073 449 1153 535 δρυ·

145 551 285 636 ξάμενος
307 555 424 638 ἔθαψε,
448 555 602 637 φυλλάδα
624 577 659 619 τε
683 553 847 638 ἐπιβαλὼν
870 551 924 619 καὶ
947 564 1010 638 μήν
1029 555 1152 638 ε’παμη-

144 659 297 742 σάμενος,
316 657 372 724 ἵνα
391 660 434 742 μή
454 659 643 743 ὀφθείησαν
660 659 725 725 ὑπὸ
744 669 805 725 τοῦ
822 669 983 725 ναυτικοῦ
999 671 1151 745 στρατοῦ.

145 767 192 842 ὡς
214 761 251 830 δέ
275 764 368 848 διέβη
393 765 426 841 ἐς
448 767 508 848 τήν
527 760 683 848 Ἱστιαίην
705 765 723 831 ὁ
742 765 854 851 κήρυξ,
874 767 1039 849 σύλλογον
1058 788 1152 851 ποιη·

145 870 289 954 σάμενος
310 873 433 948 παντὸς
454 881 515 937 τοῦ
538 871 763 958 στρατοπέδου
786 876 876 956 ἔλεγε
897 873 988 936 τάδε·
1012 871 1153 959 ’Ἀνδρος

145 978 322 1062 σύμμαχοι,
342 980 497 1062 βασιλεὺς
514 977 637 1062 Ξέρξης
653 987 699 1066 τῷ
717 977 909 1066 βουλομένῳ
924 977 1035 1064 ὑμέων
1049 1000 1153 1064 παρα-

146 1084 240 1148 διδοί
255 1083 429 1150 ἐκλιπόντα
446 1085 508 1166 τήν
525 1083 618 1163 τάξιν
635 1083 690 1150 καὶ
709 1079 851 1151 ἐλθόντα
865 1087 1055 1168 θεήσασθαι
1069 1086 1154 1162 ὅκως

146 1189 281 1274 μάχεται
299 1191 382 1273 πρὸς
395 1192 474 1267 τοὺς
487 1189 649 1274 ἀνοήτους
662 1201 729 1255 τῶν
743 1190 944 1274 ἀνθρώπων,
964 1194 999 1255 οἳ
1009 1193 1153 1274 ήλπισαν

144 1296 207 1378 τήν
231 1295 383 1378 βασιλέος
406 1296 550 1380 δύναμιν
572 1295 845 1381 ὑπερβαλέεσθαι.
879 1305 983 1361 ταῦτα
1004 1296 1152 1381 ἐπαγγει-
1171 1311 1207 1360 25

147 1399 308 1485 λαμένου,
336 1403 415 1487 μετά
441 1411 545 1467 ταῦτα
572 1399 674 1468 οὐδὲν
702 1403 827 1486 ἐγένετο
855 1406 982 1468 πλοίων
1010 1403 1154 1468 σπανιώ-

146 1527 258 1592 τερον·
291 1508 377 1572 οὕτω
409 1505 527 1572 πολλοὶ
558 1509 684 1590 ήθελου
711 1511 910 1592 θεήσασθαι.
957 1510 1154 1592 διαπεραιω·

145 1612 263 1690 θέντες
293 1609 329 1678 δέ
357 1613 519 1696 ἐθηεῦντο
548 1613 724 1692 διεξιόντες
749 1617 829 1690 τοὺς
854 1615 1007 1699 νεκρούς·
1034 1616 1155 1692 πάντες

147 1718 185 1784 δέ
217 1718 392 1803 ἠπιστέατο
422 1721 502 1795 τοὺς
527 1719 698 1803 κειμένους
726 1713 811 1784 εἶναι
842 1719 966 1796 πάντας
992 1721 1156 1786 Λακεδαι-

146 1830 286 1910 μονίους
307 1823 362 1890 καὶ
387 1824 557 1908 Θεσπιέας,
581 1825 722 1908 δρῶντες
743 1821 798 1890 καὶ
821 1827 900 1901 τοὺς
922 1826 1066 1902 εἵλωτας.
1112 1827 1155 1890 οῦ

147 1929 209 2016 μέν
242 1925 315 2002 οὐδ’
346 1931 510 1996 ἐλάνθανε
537 1932 615 2006 τοὺς
642 1932 876 2014 διαβεβηκότας
902 1929 1025 2015 Ξέρξης
1050 1941 1154 1997 ταῦτα

146 2037 272 2122 πρήξας
298 2035 373 2123 περὶ
400 2039 478 2114 τοὺς
504 2040 644 2122 νεκροὺς
671 2039 750 2113 τοὺς
773 2035 912 2102 ἑωυτοῦ·
943 2036 998 2102 καὶ
1025 2039 1088 2124 γάρ
1112 2039 1154 2122 δή

147 2141 203 2208 καὶ
225 2148 358 2226 γελοῖον
380 2138 437 2226 ήυ·
460 2153 527 2207 τῶν
550 2139 611 2226 μὲν
634 2145 734 2226 χίλιοι
757 2141 935 2225 ἐφαίνοντο
958 2141 1070 2228 νεκροὶ
1089 2147 1155 2208 κεί-

147 2273 258 2334 μενοι,
287 2251 322 2316 οί
347 2245 383 2314 δέ
410 2249 529 2324 πάντες
556 2246 667 2314 ἐκέατο
690 2247 782 2325 ἁλέες
805 2248 1099 2334 συγκεκομισμένοι
1121 2249 1155 2327 ἐς

147 2355 254 2422 τώυτὸ
285 2359 409 2441 χωρίον
442 2352 605 2438 [τέσσερες
636 2355 804 2439 χιλιάδες].
848 2355 971 2438 ταύτην
1001 2352 1061 2440 μέν
1092 2357 1156 2440 τήν

147 2460 274 2548 ἡμέρην
301 2463 383 2548 πρὸς
404 2459 491 2543 θέην
514 2460 709 2546 ἐτράποντο,
737 2469 776 2546 τή
801 2458 832 2526 δ’
858 2461 1013 2547 ῦστεραίη
1037 2462 1074 2526 οί
1093 2460 1155 2546 μὲν

148 2567 312 2636 ἀπέπλεον
335 2568 368 2644 ἐς
386 2565 544 2649 Ἱστιαίην
567 2562 620 2632 ἐπὶ
637 2563 798 2647 τάςνέας,
819 2565 854 2630 οί
870 2562 907 2630 δέ
925 2564 1010 2650 ἀμφὶ
1027 2565 1154 2652 Ξέρξην

148 2675 182 2752 ἐς
205 2673 287 2740 ὁδὸν
309 2671 459 2759 δρμέατο.
500 2667 583 2756 ήκου
607 2671 647 2736 δέ
667 2686 728 2755 σφι
752 2671 930 2756 αὐτόμολοι
953 2673 1073 2756 ἄνδρες
1096 2666 1151 2736 ἀπ’
1173 2690 1209 2740 ιο

144 2778 319 2866 Ἀρκαδίης
346 2779 453 2862 ὀλίγοι
479 2775 582 2859 τινές,
609 2779 687 2860 βίον
708 2799 744 2841 τε
771 2778 924 2860 δεόμενοι
946 2773 1001 2840 καὶ
1025 2774 1155 2860 ἐνεργοὶ

4 2871 21 2930 δ
147 2889 347 2972 βουλόμενοι
379 2880 473 2950 εἶναι.
519 2884 656 2966 άγοντες
683 2879 720 2946 δὲ
751 2883 889 2957 τούτους
922 2880 954 2956 ἐς
982 2883 1061 2957 ὄψιν
1092 2881 1155 2964 τήν

148 2992 301 3077 βασιλέος
328 2991 558 3059 ἐπυνθάνοντο
588 2989 624 3055 ολ
644 2987 773 3074 Πέρσαι
799 2985 874 3072 περὶ
901 2997 968 3050 τῶν
987 2983 1155 3070 Ἑλλήνων

146 3104 183 3166 τί
208 3100 367 3166 ποιέοιεν·
398 3091 444 3176 εἷς
472 3095 511 3163 δέ
535 3119 584 3173 τις
616 3095 679 3180 πρὸ
711 3095 845 3160 πάντων
871 3088 914 3176 ήυ
947 3091 964 3157 ὁ
993 3091 1155 3177 είρωτέων

147 3206 270 3283 αὐτοὺς
292 3216 404 3272 ταῦτα.
450 3205 486 3270 οί
510 3202 550 3268 δέ
569 3218 632 3286 σφι
654 3204 769 3283 ἐλεγου
792 3200 836 3275 ὡς
855 3193 1013 3282 Ὀλύμπια
1035 3199 1155 3282 ἄγουσι

147 3309 202 3376 καὶ
233 3312 414 3398 θεωρέοιεν
446 3310 559 3394 ἀγῶνα
590 3306 754 3392 γυμνικὸν
785 3302 841 3372 καὶ
873 3305 1014 3369 ἱππικόν.
1066 3303 1083 3370 ὁ
1117 3303 1154 3371 δέ

148 3416 335 3502 ἐπείρετοδ
358 3440 390 3482 τι
414 3416 465 3498 [τὸ
488 3413 628 3496 ἄεθλον]
651 3416 701 3494 είη
721 3428 782 3494 σφι
804 3412 956 3494 κείμενον
979 3406 1054 3490 περὶ
1077 3410 1155 3477 ὅτευ
