2678 3970
434 273 575 329 Llss.v11.
611 273 863 330 emma-1⁶6.
1088 276 1151 338 211

148 416 273 480 τοισίδε
291 416 557 500 καταλλάξαντες,
577 412 627 482 ἐπ’
643 409 669 506 ᾧ
688 441 723 483 τε
737 414 944 504 Ἱπποκράτει·
955 420 1152 507 Καμάριναν

148 523 380 606 Συρηκοσίους
401 525 623 609 παραδοῦναι·
651 527 873 608 Συρηκοσίων
902 520 939 589 δέ
962 521 1004 609 ἦν
1029 527 1142 611 Καμά-
1155 544 1205 594 155

150 650 227 710 ρινα
257 629 295 692 τὸ
322 629 469 715 άρχαίον.
519 630 564 707 ὡς
592 626 628 694 δέ
655 628 710 695 καὶ
733 626 947 716 Ἱπποκράτεα
974 633 1154 718 τυραννεύ-

149 749 253 799 σαντα
276 739 331 800 ίσα
354 737 427 800 ἔτεα
448 743 493 823 τῷ
517 735 667 822 ἀδελφεῷ
690 736 872 822 Κλεάνδρῳ
895 736 1053 820 κατέλαβε
1075 738 1154 802 άτο-

147 845 269 904 θανεῖν
300 842 383 926 πρὸς
413 844 489 906 πόλι
517 838 634 926 Ὕβλῃ,
671 841 956 927 στρατευσάμενον
993 841 1045 907 ἐπὶ
1075 845 1155 919 τοὺς

149 947 320 1029 Σικελούς,
344 946 431 1012 οὕτω
455 947 496 1030 δη
520 946 537 1012 6
561 946 673 1012 Γέλων
696 955 741 1036 τῷ
765 949 853 1036 λόγῳ
874 946 1046 1034 τιμωρέων
1068 959 1154 1012 τοῖσι

144 1047 374 1135 Ἱπποκράτεος
390 1050 484 1117 παισὶ
498 1052 662 1138 Εὐκλείδῃ
681 1075 716 1118 τε
734 1052 789 1118 καὶ
802 1053 996 1141 Κλεάνδρῳ,
1016 1053 1057 1117 οὐ
1075 1056 1154 1136 βου-

149 1157 300 1241 λομένων
321 1169 389 1225 τῶν
411 1157 594 1243 πολιητέων
612 1163 783 1243 κατηκόων
806 1162 854 1224 ἔτι
873 1155 969 1243 εἶναι,
992 1167 1038 1247 τῷ
1058 1161 1154 1246 ἔργςο,

149 1265 200 1340 ὡς
221 1263 417 1351 ἐπεκράτησε
444 1267 530 1351 μάχη
561 1277 628 1331 τῶν
656 1263 812 1354 Γελςάων,
840 1262 921 1352 ἦρχε
949 1266 1048 1341 αὐτὸς
1075 1263 1155 1328 άπο-

149 1373 309 1456 στερησας
330 1375 409 1448 τοὺς
426 1369 656 1458 Ἱπποκράτεος
677 1374 805 1449 παῖδας.
842 1375 922 1457 μετά
946 1369 982 1437 δέ
1000 1381 1097 1437 τοῦτο
1116 1373 1155 1436 τὸ

150 1477 277 1563 εὕρημα
303 1480 381 1554 τοὺς
407 1480 575 1564 γαμόρους
601 1476 821 1562 καλεομένους
843 1488 911 1544 τῶν
934 1479 1155 1564 Συρηκοσίων
1273 1515 1278 1524 -

150 1583 346 1660 ἐκπεσόντας
369 1582 433 1648 ὑπό
455 1606 490 1647 τε
512 1591 573 1648 τοῦ
597 1583 704 1666 δήμου
727 1582 781 1648 καὶ
803 1594 870 1650 τῶν
889 1583 1058 1668 σφετέρων
1078 1583 1155 1647 δού-

149 1694 229 1772 λων,
252 1687 462 1773 καλεομένων
485 1684 523 1753 δὲ
540 1691 756 1772 Κυλλυρίων,
784 1688 802 1754 6
826 1687 939 1754 Γέλων
961 1689 1155 1772 καταγαγὼν

150 1796 289 1871 τούτους
315 1794 351 1859 ἐκ
370 1792 547 1878 Κασμένης
568 1796 683 1870 πόλιος
706 1794 739 1870 ἐς
761 1795 818 1870 τὰς
836 1794 1057 1879 Συρηκούσας
1082 1795 1155 1877 ἔσχε

150 1900 206 1967 καλ
232 1902 367 1978 ταύτας·
399 1901 503 1986 ὁγὰρ
526 1901 630 1984 δῆμος
654 1899 673 1964 6
695 1910 763 1965 τῶν
786 1903 1007 1986 Συρηκοσίων
1030 1899 1155 1964 ἐπιόντι

150 2006 278 2072 Γέλωνι
298 2007 479 2092 παραδιδοῖ
497 2006 559 2089 τὴν
582 2007 680 2070 πόλιν
703 2002 757 2069 καλ
777 2002 911 2070 ἑωυτόν.
948 2003 966 2069 6
987 2000 1023 2069 δέ
1042 2003 1146 2070 ἐπείτε
1158 2025 1208 2075 156

150 2111 313 2197 παρέλαβε
327 2114 384 2188 τάς
397 2112 626 2197 Συρηκούσας,
641 2109 745 2194 Γέλης
760 2107 821 2194 μέν
835 2109 1038 2194 ἐπικρατέων
1052 2113 1156 2194 λόγον

151 2216 278 2284 ἐλάσσω
316 2216 471 2300 ἐποιέετο,
504 2216 678 2303 ἐπιτρέψας
709 2216 813 2300 αὐτὴν
842 2215 968 2303 Ἱέρωνι
1005 2217 1154 2306 ἀδελφεῷ

151 2321 291 2405 ἑωυτοῦ,
315 2324 334 2389 6
358 2320 395 2389 δέ
416 2326 473 2400 τάς
494 2324 715 2407 Συρηκούσας
737 2323 908 2410 ἐκράτυνε,
936 2321 992 2388 καλ
1014 2319 1099 2406 ἦσάν
1123 2325 1159 2388 oc

150 2428 257 2494 πάντα
280 2430 318 2494 αί
337 2431 560 2516 Συρήκουσαι.
598 2429 634 2494 αἱ
655 2425 692 2494 δέ
714 2431 897 2515 παραυτίκα
920 2429 984 2494 άυά
1005 2423 1033 2492 τ’
1060 2430 1155 2514 έδρα-

151 2558 215 2620 μον
246 2533 301 2600 καλ
333 2535 549 2620 άνέβλαστον·
586 2543 684 2600 τοῦτο
714 2531 775 2618 μέν
810 2535 873 2619 γάρ
905 2537 1156 2620 Καμαριναίους

151 2643 297 2719 ἅπαντας
319 2642 353 2719 ἐς
374 2643 432 2718 τὰς
450 2641 669 2726 Συρηκούσας
686 2640 820 2725 ἀγαγὼν
837 2643 994 2724 πολιήτας
1012 2639 1154 2722 ἐποίησε,

151 2752 346 2833 Καμαρίνης
374 2745 411 2812 δὲ
437 2749 474 2812 τὸ
502 2749 584 2812 άστυ
607 2745 804 2829 κατέσκαψε,
832 2756 929 2811 τοῦτο
954 2743 991 2810 δέ
1013 2742 1155 2832 Γελῴων

151 2857 372 2941 ὑπερημίσεας
401 2864 468 2918 τῶν
500 2852 608 2918 ἀστῶν
640 2852 746 2918 τώυτὸ
779 2864 864 2918 τοίσι
895 2852 1155 2935 Καμαριναίοισι

151 2961 297 3045 ἐποίησε·
320 2959 496 3045 Μεγαρέας
517 2982 551 3024 τε
574 2961 651 3034 τοὺς
674 2959 711 3024 ἐν
729 2960 875 3042 Σικελίη,
900 2955 945 3032 ὡς
965 2958 1153 3039 πολιορκεό-

151 3092 247 3152 μενοι
278 3067 312 3144 ἐς
341 3065 522 3150 ὁμολογίην
549 3065 822 3156 προσεχώρησαν,
849 3063 928 3137 τοὺς
955 3057 1016 3146 μέν
1046 3059 1155 3125 αὐτῶν

150 3171 283 3257 παχέας,
315 3171 530 3258 ἀειραμένους
561 3193 596 3234 τε
627 3171 772 3251 πόλεμον
803 3165 890 3252 αὐτῷ
927 3164 982 3231 καί
1012 3167 1155 3251 προσδο-

151 3291 278 3356 κῶντας
304 3277 504 3344 ἀπολέεσθαι
532 3277 587 3340 διὰ
608 3283 722 3356 τοῦτο,
751 3271 884 3355 ἀγαγὼν
907 3271 940 3348 ἐς
964 3274 1021 3349 τὰς
1042 3277 1154 3358 Συρη-

150 3387 275 3462 κούσας
306 3388 461 3468 πολιήτας
488 3382 636 3464 ἐποίησε·
667 3380 727 3443 τὸν
755 3375 791 3442 δέ
819 3378 925 3461 δῆμον
951 3387 1017 3442 τῶν
1040 3382 1155 3463 Μεγα-

152 3491 254 3578 ρέων,
283 3491 344 3556 οὐκ
371 3489 466 3554 ἐόντα
493 3490 659 3572 μεταίτιον
681 3491 741 3550 τοῦ
763 3482 909 3567 πολέμου
931 3484 1051 3549 τούτου
1075 3483 1153 3550 οὐδὲ

888 3586 939 3640 14*
