2678 3968
202 274 268 339 298
617 273 803 330 HERODOTI

202 420 380 502 τριήκοντα
408 419 572 504 μυριάδας
594 417 835 502 ἀπολεξάμενος
856 425 916 482 τοῦ
939 423 1081 500 στρατοῦ
1101 435 1211 501 παρα-

202 534 296 608 σχεῖν
326 547 382 609 μοι
412 525 474 608 τήν
497 522 639 590 Ἑλλάδα
669 521 937 608 δεδουλωμένην,
970 521 1071 586 αὐτὸν
1103 519 1143 586 δέ
1167 543 1210 606 με

203 631 329 695 κελεύει
352 630 548 696 ἀπελαύνειν
572 632 636 696 σὺν
657 637 703 717 τῷ
726 634 830 716 λοιπῷ
853 635 981 716 στρατςό
1004 626 1037 705 ἐς
1058 629 1146 710 ήθεα
1166 628 1210 692 τά

205 735 274 820 έμά.
320 739 363 802 σὺ
394 733 442 802 ὦν
474 737 561 822 ἐμοί,
593 733 649 801 καί
682 736 745 819 γάρ
776 732 851 818 περὶ
877 742 934 817 τῆς
959 736 1143 817 ναυμαχίης
1168 729 1210 798 εὖ

205 843 470 925 συνεβούλευσας
486 851 544 926 τής
561 840 741 926 γενομένης
760 840 821 905 οὐκ
838 839 924 906 ἐῶσα
941 838 1123 922 ποιέεσθαι,
1142 847 1210 904 νῦν

204 971 238 1013 τε
266 950 519 1032 συμβούλευσον
544 947 680 1031 ὁκότερα
702 945 825 1012 ποιέων
847 944 987 1029 ἐπιτύχω
1010 939 1048 1010 εὖ
1071 948 1210 1029 βουλευ-

152 1062 203 1112 102
214 1053 363 1137 σάμενος.
414 1053 431 1118 ὁ
464 1049 524 1137 μέν
555 1061 658 1118 ταῦτα
692 1052 967 1135 συνεβουλεύετο,
998 1050 1020 1134 ἡ
1052 1048 1089 1116 δὲ
1119 1050 1211 1134 λέγει

203 1161 296 1225 τάδε·
318 1163 474 1242 Βασιλεῦ,
496 1160 639 1244 χαλεπὸν
662 1157 722 1243 μέν
741 1157 810 1223 ἐστι
833 1154 1130 1244 συμβουλευομένῳ
1151 1179 1211 1222 τυ-

204 1275 276 1350 χείν
301 1266 342 1330 τὰ
368 1266 485 1350 άριστα
511 1271 665 1346 είπασαν,
699 1261 752 1329 ἐπὶ
779 1263 892 1349 μέντοι
917 1273 1005 1329 τοῖσι
1030 1265 1211 1346 κατήκουσι

205 1371 375 1455 πρήγμασι
399 1369 507 1436 δοκέει
529 1394 586 1455 μοι
608 1370 710 1435 αὐτὸν
733 1369 795 1454 μέν
813 1387 850 1434 σε
872 1369 1069 1434 ἀπελαύνειν
1092 1368 1210 1452 ὀπίσω,

205 1477 406 1560 Μαρδόνιον
425 1475 473 1559 δέ,
492 1478 523 1541 εί
539 1475 648 1542 ἐθέλει
661 1499 697 1541 τε
714 1474 768 1540 καί
786 1474 980 1541 ὑποδέκεται
996 1483 1098 1540 ταῦτα
1115 1477 1211 1558 ποιή-

204 1598 293 1664 σειν,
322 1583 426 1647 αὐτοῦ
452 1587 643 1647 καταλιπεῖν
671 1585 735 1647 σὺν
757 1592 843 1647 τοῖσι
866 1580 982 1647 ἐθέλει
1027 1577 1211 1664 τοῦτομὲν

205 1687 279 1771 γάρ,
303 1685 346 1771 ἣν
368 1686 628 1772 καταστρέψηται
650 1688 691 1752 τά
709 1703 793 1771 φησι
812 1687 928 1753 θέλειν
948 1689 1008 1752 καί
1026 1686 1062 1752 οί
1080 1708 1210 1772 προχω-
1274 1767 1280 1777 ¹

206 1795 292 1879 ρήση
315 1795 355 1858 τά
376 1793 483 1860 νοέων
506 1793 604 1878 λέγει,
628 1795 690 1859 σὸν
712 1795 878 1878 τὸέργον,
902 1789 927 1858 ἀ
948 1792 1099 1876 δέσποτα,
1121 1796 1211 1875 γίνε-

203 1919 273 1964 ται·
297 1901 332 1965 οί
351 1902 413 1986 γάρ
437 1897 490 1965 σοὶ
514 1901 630 1965 δοῦλοι
648 1901 905 1986 κατεργάσαντο·
927 1908 1025 1964 τοῦτο
1043 1898 1091 1982 δέ,
1109 1898 1151 1982 ἣν
1167 1899 1211 1962 τά

205 2007 340 2072 ἐναντία
362 2016 419 2090 τῆς
436 2008 637 2090 Μαρδονίου
655 2007 788 2090 γνώμης
805 2004 950 2090 γένηται,
971 2005 1109 2090 οὐδεμία
1127 2021 1211 2089 συμ-

205 2113 297 2198 φορή
320 2114 443 2197 μεγάλη
467 2115 557 2178 ἐσται
580 2110 637 2178 σέο
655 2134 691 2176 τε
709 2115 899 2194 περιεόντος
916 2109 970 2177 καὶ
989 2111 1125 2177 ἐκείνων
1142 2121 1210 2175 τῶν

205 2217 408 2302 πρηγμάτων
429 2216 504 2304 περὶ
523 2213 617 2284 οίκον
639 2219 699 2283 τὸν
722 2220 793 2283 σόν.
827 2217 870 2303 ήν
892 2220 955 2302 γάρ
979 2219 1021 2292 σύ
1043 2241 1078 2282 τε
1096 2225 1211 2303 περιῇς

206 2319 262 2386 καί
285 2317 375 2399 οἶκος
396 2322 415 2388 ό
434 2326 502 2406 σός,
524 2325 669 2400 πολλούς
690 2325 847 2400 πολλάκις
864 2324 994 2407 ἀγῶνας
1012 2323 1211 2410 δραμέονται

206 2423 281 2512 περί
304 2426 418 2511 σφέων
440 2429 551 2494 αὐτῶν
571 2431 607 2494 οί
623 2427 788 2513 Ἕλληνες.
824 2432 1024 2516 Μαρδονίου
1043 2427 1090 2513 δέ,
1113 2431 1156 2513 ήν
1177 2452 1211 2493 τι

206 2532 311 2618 πάθη,
333 2534 432 2615 λόγος
454 2533 565 2610 οὐδεὶς
585 2537 728 2618 γίνεται·
751 2535 833 2601 οὐδέ
849 2559 884 2600 τι
906 2546 1062 2612 νικῶντες
1084 2536 1120 2600 οί
1135 2533 1211 2599 Ἕλ-

207 2643 305 2722 ληνες
330 2649 463 2721 νικῶσι,
492 2639 616 2704 δοῦλον
643 2641 705 2704 σὸν
732 2639 964 2718 ἀπολέσαντες·
996 2643 1039 2705 σὺ
1061 2640 1113 2723 δέ,
1142 2651 1211 2705 τῶν

208 2745 318 2810 εἵνεκα
348 2746 408 2809 τὸν
440 2748 560 2810 στόλον
592 2744 765 2829 ἐποιήσαο,
796 2747 952 2831 πυρώσας
982 2748 1040 2824 τάς
1068 2741 1212 2830 Ἀθήνας
1319 2771 1320 2793 ¹

154 2866 206 2915 103
217 2851 347 2939 ἀπελᾷς.
391 2852 481 2934 ήσθη
504 2873 540 2916 τε
567 2851 608 2934 δή
631 2860 671 2936 τῇ
694 2854 879 2936 συμβουλίη
902 2850 1037 2937 Ξέρξης·
1068 2850 1212 2935 λέγουσα
1316 2909 1319 2920 .

207 2960 272 3041 γάρ
304 2957 502 3042 ἐπετύγχανε
532 2957 572 3021 τά
603 2978 664 3041 περ
697 2955 796 3033 αὐτὸς
827 2957 925 3022 ἐνόεε.
975 2953 1055 3023 οὐδὲ
1068 3045 1071 3050 Ι
1086 2959 1150 3043 γὰρ
1182 2959 1215 3024 εί
1318 2991 1319 3038 3

207 3065 327 3140 πάντες
348 3061 404 3128 καὶ
424 3071 527 3128 πᾶσαι
545 3063 790 3146 συνεβούλευον
808 3063 896 3150 αὐτῷ
915 3060 1038 3147 μένειν,
1056 3065 1151 3148 ἐμενε
1169 3062 1213 3128 ἀν
1318 3053 1319 3075 ’

208 3167 338 3233 δοκέειν
361 3168 446 3252 ἐμοί·
479 3168 565 3233 ούτω
588 3170 846 3255 καταρρωδήκεε.
892 3167 1065 3246 ἐπαινέσας
1091 3167 1128 3234 δὲ
1150 3169 1212 3254 τήν
1317 3219 1318 3226 1

205 3267 412 3359 Ἀρτεμισίην
447 3275 571 3357 ταύτην
607 3271 668 3359 μέν
699 3273 890 3340 ἀποστέλλει
925 3276 1073 3358 ἀγουσαν
1108 3275 1214 3343 αὐτοῦ

208 3379 329 3454 παῖδας
356 3377 389 3454 ἐς
410 3377 571 3462 Ἔφεσον·
602 3381 703 3444 νόθοι
728 3381 793 3465 γάρ
819 3402 907 3456 τινες
932 3379 1048 3458 παῖδές
1073 3381 1109 3448 οί
1132 3399 1214 3449 σνν-

158 3498 209 3546 104
219 3487 363 3548 είποντο.
408 3483 593 3567 συνέπεμπε
623 3481 660 3548 δὲ
686 3495 773 3549 τοῖσι
798 3484 893 3550 παισί
920 3487 1072 3570 φύλακον
1096 3484 1215 3574 Ἑρμό·
1316 3569 1317 3580 ¹
