2640 3960
193 230 257 295 100
607 229 795 284 HERODOTI

140 391 172 440 '11
280 374 485 459 Λευτυχίδης
507 369 545 439 δὲ
567 371 586 438 ό
608 373 780 456 Μενάρεος
802 373 1006 456 Δημαρήτου
1028 393 1193 437 καταπαυ-

191 476 333 554 σθέντος
356 477 522 556 διεδέξατο
544 478 605 561 τήν
628 480 814 561 βασιληίην,
836 480 896 542 καί
915 477 950 542 οί
969 480 1095 560 γίνεται
1117 488 1195 554 παῖς

191 581 403 668 Ζευξίδημος,
422 585 480 648 τὸν
499 585 541 666 δή
555 585 725 648 Κυνίσκον
742 581 942 667 μετεξέτεροι
955 581 1194 667 Σπαρτιητέων

192 688 336 755 ἐκάλεον.
373 685 501 766 οὗτοςὸ
517 687 718 772 Ζευξίδημος
736 689 796 755 οὐκ
815 689 1006 772 ἐβασίλευσε
1023 689 1193 775 Σπάρτης·

191 796 255 879 πρὸ
274 797 483 880 Λευτυχίδεω
501 796 564 878 γάρ
583 798 727 880 τελευτᾷ,
746 795 850 860 λιπὼν
868 796 970 860 παῖδα
985 793 1192 879 Ἀρχίδημον.

190 903 395 987 Λευτυχίδης
418 898 454 966 δὲ
476 897 649 985 στερηθεὶς
670 898 876 984 Ζευξιδήμου
898 899 1011 983 γαμέει
1034 899 1193 984 δευτέρην

189 1018 330 1090 γυναῖκα
352 1007 571 1091 Εὐρυδάμην,
600 1005 721 1071 ἐοῦσαν
743 1009 875 1071 Μενίου
904 1002 990 1090 [μὲν]
1014 1005 1191 1090 ἀδελφεήν,

190 1113 416 1197 Διακτορίδεω
441 1109 477 1177 δέ
495 1110 675 1197 θυγατέρα,
694 1110 730 1177 έκ
747 1121 804 1195 τῆς
823 1112 858 1176 οί
874 1114 969 1196 ἔρσεν
987 1107 1048 1196 μέν
1065 1115 1193 1193 γίνεται

191 1217 301 1301 οὐδέν,
323 1218 474 1302 θυγάτηρ
499 1213 535 1282 δὲ
552 1217 727 1300 Λαμπιτώ,
749 1217 811 1301 τήν
830 1211 1024 1302 Ἀρχίδημος
1042 1217 1060 1282 δ
1079 1215 1192 1294 Ζευξι-

139 1342 173 1390 72
193 1325 300 1408 δήμου
322 1323 435 1407 γαμέει
459 1324 576 1399 δόντος
598 1322 686 1410 αὐτῷ
706 1324 926 1408 Λευτυχίδεω.
966 1323 1007 1388 οὐ
1029 1318 1090 1407 μὲν
1113 1318 1192 1387 οὐδὲ

190 1430 395 1514 Λευτυχίδης
421 1431 583 1514 κατεγήρα
606 1428 642 1493 ἐν
665 1429 818 1514 Σπάρτη,
846 1428 927 1493 άλλδι
948 1432 1036 1493 τίσιν
1058 1429 1191 1511 τοιήνδε

190 1536 265 1599 τινά
286 1536 474 1621 Δημαρήτῳ
497 1533 630 1612 ἐξέτισε·
658 1533 875 1618 ἐστρατήγησε
897 1535 1190 1617 Λακεδαιμονίοισι

191 1637 224 1715 ἐς
247 1642 448 1723 Θεσσαλίην,
471 1641 595 1723 παρεὸν
618 1638 658 1705 δέ
678 1639 713 1704 οί
732 1640 837 1704 πάντα
859 1640 1031 1724 ὑποχείρια
1053 1643 1190 1723 ποιήσα-

190 1751 272 1810 σθαι
303 1745 530 1828 ἐδωροδόκησε
557 1745 718 1831 ἀργύριον
744 1748 877 1810 πολλόν.
926 1739 977 1810 ἐπ’
1005 1745 1190 1834 αὐτοφώρῳ

191 1847 228 1915 δὲ
255 1849 356 1926 άλοὺς
384 1851 486 1916 αὐτοῦ
513 1850 550 1917 έν
571 1859 617 1939 τῷ
641 1849 849 1938 στρατοπέδῳ
872 1850 1104 1936 ἐπικατήμενος
1126 1876 1190 1936 χει-
1308 1923 1311 1942 <

191 1957 259 2041 ρίδι
281 1955 362 2042 πλέη
386 1957 562 2042 ἀργυρίου,
591 1959 694 2041 ἔφυγε
717 1956 752 2021 ἐκ
775 1956 929 2039 Σπάρτης
951 1956 1015 2022 ὑπὸ
1039 1958 1190 2042 δικαστή-
1309 1987 1310 2008 ι

191 2083 266 2145 ριον
288 2062 464 2147 ὑπαχθείς,
492 2061 546 2128 καλ
568 2063 608 2127 τά
631 2064 718 2127 οίκία
741 2062 776 2127 οί
795 2062 995 2147 κατεσκάφη·
1027 2065 1130 2147 ἔφυγε
1153 2061 1190 2130 δέ

139 2185 171 2232 73
190 2163 223 2240 ἐς
253 2166 376 2249 Τεγέην
406 2165 460 2232 καί
493 2168 679 2250 ἐτελεύτησε
710 2167 747 2232 έν
775 2168 885 2254 ταότη.
930 2177 1033 2234 ταῦτα
1059 2165 1121 2253 μὲν
1149 2171 1189 2254 δή
1308 2179 1309 2215 ί

190 2268 319 2350 ἐγένετο
353 2275 461 2359 χρόνῳ
494 2273 650 2356 ὕστερον·
686 2275 759 2337 τότε
790 2269 827 2337 δὲ
858 2273 903 2351 ὡς
933 2281 978 2361 τῷ
1009 2275 1190 2360 Κλεομένεϊ
1307 2273 1308 2296 ἢ

190 2374 312 2456 ὡδώθη
339 2377 377 2440 τὸ
405 2375 438 2452 ές
463 2378 522 2441 τὸν
545 2378 746 2461 Δημάρητον
772 2387 919 2463 πρῆγμα,
949 2379 1064 2444 αὐτίκα
1085 2401 1191 2468 παρα·
1306 2409 1307 2436 1

190 2479 301 2561 λαβὼν
319 2481 523 2564 Λευτυχίδεα
540 2483 592 2566 ήιε
609 2481 663 2548 ἐπὶ
680 2485 758 2559 τοὺς
776 2485 965 2568 Αόγινήτας,
985 2487 1097 2551 δεινόν
1115 2490 1191 2554 τινά

190 2587 409 2668 σφιέγκοτον
437 2587 492 2651 διὰ
518 2589 578 2653 τὸν
604 2590 875 2674 προπηλακισμὸν
898 2592 991 2674 έχων.
1036 2592 1123 2680 οὕτω
1147 2595 1189 2678 δή

191 2690 267 2756 οὔτε
289 2693 325 2756 οί
339 2693 524 2776 Αίγινήται,
547 2692 743 2778 ἀμφοτέρων
764 2705 833 2760 τῶν
855 2694 1018 2778 βασιλέων
1039 2697 1190 2780 ἡκόντων

190 2795 239 2863 ἐπ’
266 2798 401 2881 αὐτούς,
425 2798 590 2864 ἐδικαίευν
613 2802 660 2864 ἔτι
682 2799 899 2884 ἀντιβαίνειν,
923 2801 1045 2868 ἐκεῖνοί
1063 2827 1098 2869 τε
1121 2804 1191 2871 έπι-

190 2905 359 2990 λεξάμενοι
373 2905 497 2990 ἄνδρας
511 2903 589 2970 δέκα
600 2903 807 2989 Αἰγινητέων
819 2909 898 2982 τοὺς
910 2911 1064 2974 πλείστου
1077 2909 1191 2989 ἀξίους
1302 2925 1303 2930 ’

190 3007 244 3073 καὶ
270 3011 401 3097 πλούτῳ
429 3009 484 3076 καλ
510 3009 602 3094 γένει·
625 3006 724 3094 ήγον,
755 3009 810 3075 καλ
837 3013 957 3089 ἀλλους
982 3011 1038 3078 καὶ
1065 3016 1106 3098 δή
1134 3017 1190 3082 καὶ

189 3117 296 3198 Κριόν
318 3138 353 3179 τε
375 3117 434 3181 τὸν
453 3119 664 3201 Πολυκρίτου
686 3113 741 3181 καί
763 3117 944 3202 Κάσαμβον
965 3119 1024 3184 τὸν
1043 3117 1189 3207 Ἀριστο-

189 3219 337 3303 κράτεος,
365 3221 479 3306 οἵπερ
502 3217 592 3306 εἶχον
614 3219 768 3306 μέγιστον
790 3223 918 3308 κράτος·
950 3223 1129 3307 ἀγαγόντες
1152 3230 1189 3295 δε

188 3339 292 3408 σφεας
315 3323 347 3401 ἐς
369 3335 432 3408 γήν
450 3327 510 3410 τήν
526 3323 674 3411 Ἀττικήν
691 3331 890 3412 παραθήκην
907 3334 1139 3400 κατατίθενται
1156 3334 1190 3413 ἐς

188 3432 266 3506 τοὺς
289 3429 462 3514 ἐχθίστους
484 3433 680 3516 Αίγινήτησι
700 3429 906 3515 Ἀθηναίους.
