2678 3970
412 233 479 288 LIB.
494 235 554 290 vn.
591 235 843 292 cmm-149.
1065 239 1128 303 207

166 373 286 462 Ἐχθρὲ
307 382 563 465 περικτιόνεσσι,
586 374 657 464 φίλ’
683 379 881 446 ἀθανάτοισι
902 389 1031 467 θεοῖσι,

169 489 260 549 Είσω
283 485 343 550 τὸν
364 488 567 570 προβόλαιον
590 488 674 570 έχων
696 486 948 570 πεφυλαγμένος
970 483 1031 572 ἡσο

168 589 236 656 Καὶ
258 592 407 676 κεφαλὴν
429 589 611 675 πεφύλαξο·
634 591 717 676 κοίρη
742 589 833 657 δὲτὸ
857 603 951 678 σῶμα
974 597 1103 660 σαώσει.

123 705 226 762 ταῦτα
248 693 310 781 μέν
331 697 392 780 τὴν
415 700 554 780 Πυθίην
576 705 696 783 χρῆσαι
718 700 895 784 πρότερον,
921 701 1001 782 μετὰ
1024 698 1061 766 δὲ
1084 702 1128 778 ὡς

123 803 238 870 ἐλθεῖν
264 805 343 880 τοὺς
369 801 529 886 ἀγγέλους
555 803 589 880 ἐς
615 805 656 886 δὴ
679 805 716 868 τὸ
740 803 876 888 Ἄργος,
900 805 1053 870 ἐπελθεῖν
1076 805 1128 872 ἐπὶ

122 911 162 976 τὸ
184 911 423 994 βουλευτήριον
449 907 505 973 καὶ
527 908 635 992 λέγειν
657 911 698 974 τά
721 909 945 994 ἐντεταλμένα.
989 914 1068 988 τοὺς
1091 910 1128 976 δέ

123 1017 206 1101 πρὸς
232 1016 273 1080 τά
298 1016 460 1099 λεγόμενα
481 1015 728 1101 ὑποκρίνασθαι
755 1017 800 1093 ὡς
827 1016 955 1101 ἕτοιμοί
975 1019 1039 1082 είσι
1058 1011 1127 1103 Ἀρ

123 1133 208 1206 γεῖοι
238 1120 363 1187 ποιέειν
394 1129 496 1186 ταῦτα
522 1124 698 1208 τριήκοντα
728 1125 801 1188 ἔτεα
828 1125 964 1209 εἰρήνην
996 1123 1127 1188 σπεισά-

123 1252 219 1313 μενοι
245 1228 540 1311 Λακεδαιμονίοισι
570 1226 626 1293 καὶ
652 1228 827 1313 ἡγεόμενοι
853 1231 935 1294 κατὰ
961 1230 999 1294 τὸ
1026 1229 1127 1312 ἡμισυ

122 1335 229 1418 πόσης
251 1342 309 1418 τῆς
331 1336 528 1418 συμμαχίης·
550 1337 657 1399 καίτοι
679 1335 761 1399 κατιί
778 1357 816 1418 γε
833 1336 870 1400 τὸ
890 1336 1020 1400 δίκαιον
1040 1338 1127 1417 γίνε-

124 1447 207 1507 σθαι
227 1440 289 1523 τὴν
310 1439 491 1524 ἡγεμονίην
515 1437 661 1521 ἑωυτῶν,
676 1437 757 1512 ,ἀλλ’
785 1441 873 1524 ὅμως
895 1455 956 1524 σφι
979 1441 1127 1526 ἀποχρᾶν

123 1548 205 1612 κατὰ
231 1547 268 1611 τὸ
296 1546 398 1629 ἡμισυ
424 1542 644 1627 ἡγεομένοισι.
688 1551 790 1608 ταῦτα
817 1539 878 1627 μέν
901 1543 1036 1628 λέγουσι
1057 1547 1118 1629 τὴν
1131 1559 1179 1608 149

124 1653 250 1738 βουλὴν
272 1651 533 1734 ὑποκρίνασθαι,
556 1652 673 1734 καίπερ
697 1648 961 1735 ἀπαγορεύοντός
983 1667 1045 1735 σφι
1066 1659 1127 1716 τοῦ

124 1761 325 1846 χρηστηρίου
344 1758 387 1841 μὴ
406 1754 579 1820 ποιέεσθαι
595 1755 657 1838 τὴν
674 1756 757 1839 πρὸς
774 1757 852 1830 τοὺς
867 1753 1029 1838 Ἕλληνας
1047 1772 1127 1841 συμ-

110 1867 254 1952 Ιμαχίην.
299 1863 450 1944 σπουδὴν
483 1858 520 1925 δὲ
551 1863 638 1944 ἔχειν
672 1861 818 1936 σπονδὰς
849 1861 1007 1944 γενέσθαι
1038 1885 1127 1947 τριη-

124 1969 347 2052 κοντοέτιδας,
371 1970 486 2050 καίπερ
508 1967 546 2030 τὸ
569 1968 770 2051 χρηστήριον
793 1964 1043 2050 φοβεομένοισι,
1071 1969 1127 2033 ἵνα

125 2081 167 2162 δή
190 2094 252 2160 σφι
275 2076 310 2141 οί
328 2075 443 2149 παῖδες
466 2071 683 2156 ἀνδρωθέωσι
706 2071 743 2136 ἐν
763 2072 910 2136 τούτοισι
927 2083 1014 2137 τοῖσι
1032 2075 1126 2139 ἔτεσι.

124 2189 168 2272 μὴ
192 2180 229 2264 δὲ
252 2179 425 2246 σπονδέων
452 2176 596 2243 ἐουσέων
619 2177 845 2260 ἐπιλέγεσθαι,
873 2177 915 2260 ἢν
937 2179 1002 2264 ἀρα
1023 2179 1127 2263 σφέας

124 2288 291 2372 καταλάβῃ
318 2287 400 2371 πρὸς
422 2292 467 2372 τρῖ
490 2285 642 2367 γεγονότι
663 2290 752 2372 κακῷ
776 2284 857 2348 ἀλλο
879 2294 1023 2368 πταῖσμα
1045 2288 1127 2371 πρὸς

124 2398 184 2461 τὸν
199 2393 344 2478 Πέρσην,
359 2392 402 2476 μὴ
415 2391 453 2456 τὸ
467 2391 584 2456 λοιπὸν
600 2392 678 2454 έωσι
690 2390 964 2474 Λακεδαιμονίων
977 2391 1126 2474 ὑπὴκοοι.

124 2513 191 2568 τῶν
220 2497 257 2566 δὲ
283 2496 432 2582 ἀγγέλων
458 2499 537 2573 τοὺς
560 2495 623 2560 ἀπὸ
646 2503 703 2579 τῆς
725 2495 881 2581 Σπάρτης
903 2497 985 2582 πρὸς
1007 2498 1047 2562 τὰ
1069 2497 1126 2583 ρη-

124 2608 230 2674 θέντα
260 2605 296 2672 έκ
325 2613 383 2688 τῆς
409 2606 531 2686 βουλῆς
558 2600 761 2686 ἀμείψασθαι
787 2602 926 2683 τοισίδε,
959 2599 1034 2686 περὶ
1065 2599 1126 2686 μέν

126 2711 299 2781 σπονδέων
325 2710 473 2776 ἀνοίσειν
501 2708 534 2785 ές
559 2711 638 2784 τοὺς
663 2711 820 2790 πλεῦνας,
847 2705 922 2792 περὶ
950 2703 987 2771 δέ
1008 2706 1126 2790 ἡγεμο-

51 2845 53 2849 ’
125 2825 199 2905 νίης
221 2819 352 2885 αὑτοῖσι
374 2815 566 2882 έντετοίλθαι
588 2814 848 2900 ὑποκρίνασθαι,
875 2809 930 2876 καὶ
953 2811 994 2894 δὴ
1017 2809 1125 2894 λέγειν

126 2929 221 3010 σφίσι
244 2921 304 3010 μέν
326 2917 412 2989 εἶναι
435 2922 497 2987 δύο
520 2918 683 3004 βασιλέας,
703 2915 879 3005 Ἀργείοισι
902 2913 939 2980 δὲ
962 2915 1034 2980 ἕνα·
1065 2916 1126 2982 οὐκ

126 3029 173 3098 ὧν
197 3031 341 3097 δυνατὸν
368 3023 453 3094 εἶναι
479 3037 545 3092 τῶν
569 3026 605 3091 ἐκ
626 3024 781 3109 Σπάρτης
804 3020 980 3106 οὐδέτερον
1002 3030 1126 3088 παῦσαι

125 3147 182 3223 τῆς
202 3137 394 3221 ἡγεμονίης,
421 3134 500 3218 μετὰ
523 3129 560 3196 δὲ
583 3132 645 3195 δύο
667 3140 734 3194 τῶν
757 3126 925 3212 σφετέρων
949 3125 1125 3212 ὁμόψηφον

124 3245 184 3309 τὸν
202 3240 351 3328 Ἀργεῖον
374 3236 459 3306 εἶναι
480 3237 621 3303 κωλύειν
644 3233 751 3299 οὐδέν.
797 3232 883 3298 οὑτω
908 3233 948 3316 δὴ
973 3234 1033 3314 [οί]
1054 3230 1125 3321 Ἀρ-

125 3352 213 3433 γεῖοί
245 3364 328 3433 φασι
364 3347 425 3412 οὐκ
460 3340 663 3426 ἀνασχέσθαι
696 3349 762 3403 τῶν
795 3337 1029 3424 Σπαρτιητέων
1064 3339 1125 3424 τὴν

125 3453 333 3537 πλεονεξίην,
360 3446 430 3516 ἀλλ’
462 3448 596 3514 ἑλέσθαι
623 3449 748 3531 μᾶλλον
772 3444 836 3510 ὑπὸ
858 3453 925 3508 τῶν
948 3444 1125 3530 βαρβάρων
