2640 3960
215 191 257 251 48
627 183 813 240 HERODOTI

216 329 252 397 δὲ
280 330 382 395 αὐτὸν
410 329 510 407 ἰθέως
536 329 556 413 η
581 332 696 412 Πυθίη
724 329 963 415 προσαγορεύει
984 328 1109 392 τοισίδε
1132 337 1220 392 τοῖσι

216 439 322 501 ἔπεσι·

256 538 409 625 Ἠετίων,
434 542 524 619 οὔτις
547 558 584 608 σε
606 545 667 607 τίει
690 541 867 606 πολύτιτον
890 539 995 606 ἐόντα.

259 648 376 730 Λάβδα
399 650 485 731 κύει,
507 648 590 726 τέξει
614 645 643 712 δ’
672 647 896 730 ὀλοοίτροχον·
921 646 957 710 έν
980 641 1018 709 δὲ
1040 653 1188 709 πεσεῖται

256 751 410 838 Ἀνδράσι
434 753 665 838 μουνάρχοισι,
689 752 857 816 δικαιώσει
880 749 917 816 δὲ
939 753 1123 834 Κόρινθον.

214 867 317 922 ταῦτα
344 857 533 943 χρησθέντα
556 867 600 946 τςό
626 857 776 922 Ἠετίωνι
801 855 1027 940 ἐξαγγέλλεταί
1046 880 1112 932 κως
1134 866 1219 920 τοῖσι

216 967 436 1050 Βακχιάδῃσι,
459 975 546 1030 τοῖσι
566 966 603 1029 τὸ
623 960 683 1048 μὲν
700 965 863 1048 πρότερον
881 965 1062 1046 γενόμενον
1081 965 1220 1047 χρηστή-

216 1094 290 1153 ριον
315 1071 347 1148 ἐς
372 1075 544 1154 Κόρινθον
566 1066 608 1153 ην
632 1071 771 1154 άσημον,
795 1067 901 1154 φέρον
924 1091 958 1133 τε
982 1067 1015 1144 ές
1037 1067 1143 1133 τώυτὸ
1166 1065 1219 1133 καί
1291 1101 1292 1158 ῃ

214 1177 251 1241 τὸ
274 1185 334 1242 τοῦ
355 1174 528 1253 Ἠετίωνος
550 1173 604 1240 καὶ
627 1175 724 1259 λέγον
747 1170 824 1240 ὧδε·
1291 1185 1292 1188 ’

259 1285 377 1359 Αἰετὸς
399 1283 435 1348 έν
457 1281 594 1367 πέτρῃσι
616 1281 702 1363 κύει,
726 1280 808 1359 τέξει
832 1277 869 1346 δὲ
892 1280 1007 1346 λέοντα

260 1390 432 1472 Καρτερὸυ
456 1388 623 1472 ὠμηστήν·
648 1392 780 1452 πολλῶν
805 1384 835 1450 δ’
862 1387 925 1452 ὑπὸ
948 1387 1094 1470 γούνατα
1118 1387 1219 1451 λύσει.

264 1495 374 1558 Ταῦτά
396 1518 460 1559 νυν
483 1488 521 1559 εὖ
544 1493 724 1579 φράζεσθε,
749 1495 943 1575 Κορίνθιοι,
968 1495 1003 1556 οἳ
1022 1490 1097 1577 περί
1115 1494 1220 1576 καλὴν
1291 1553 1292 1580 ζ

261 1601 432 1684 Πειρήνην
456 1601 572 1664 οἰκεῖτε
595 1597 649 1665 καὶ
672 1600 859 1683 ὀφρυόεντα
882 1601 1064 1683 Κόρινθον.

181 1714 314 1790 ῃτοῦτο
346 1701 407 1788 μὲν
439 1706 480 1788 δὴ
508 1716 594 1770 τοῖσι
621 1705 823 1790 Βακχιάδῃσι
850 1705 1012 1788 πρότερον
1038 1707 1220 1788 γενόμενον

216 1806 258 1894 ἦν
293 1810 509 1896 ἀτέκμαρτον,
546 1814 623 1892 τότεΙ
651 1808 687 1876 δὲ
716 1813 753 1876 τὸ
782 1808 932 1874 Ἠετίωνι
963 1813 1144 1892 γενόμενον
1177 1810 1221 1886 ὡς
1291 1811 1292 1850 ³

218 1917 399 2001 ἐπύθοντο,
428 1917 543 1982 αὐτίκα
570 1916 625 1982 καὶ
648 1919 685 1982 τὸ
708 1919 870 2000 πρότερον
893 1925 1039 1998 συνῆκαν
1063 1915 1119 1980 ε’ὸν
1141 1932 1220 1980 συν-

219 2025 307 2110 ῳδὸν
335 2031 379 2110 τῷ
405 2020 588 2100 Ἠετίωνος.
635 2022 789 2098 συνέντες
813 2018 849 2086 δὲ
872 2018 1046 2086 καὶτοῦτο
1070 2015 1161 2105 εἶχον
1185 2021 1220 2086 έν
1291 2089 1292 2100 ῃ

218 2129 352 2214 ἡσυχίῃ,
390 2129 561 2206 ἐθέλοντες
596 2130 654 2194 τὸν
691 2127 851 2210 μέλλοντα
885 2121 1034 2191 Ἠετίωνι
1065 2130 1220 2210 γίνεσθαι

218 2235 320 2315 γόνον
344 2236 548 2318 διαφθεῖραι.
590 2234 633 2310 ὡς
657 2231 687 2296 δ’
714 2236 801 2298 ἔτεκε
822 2232 843 2316 η
866 2233 952 2316 γυνη
975 2233 1120 2317 τάχιστα,
1143 2232 1219 2317 πέμ·
1291 2217 1292 2290 Ῐ

218 2353 317 2401 πουσι
347 2338 460 2421 σφέων
488 2340 597 2404 αὐτῶν
626 2337 704 2404 δέκα
732 2337 765 2415 ἐς
791 2341 850 2404 τὸν
878 2340 983 2423 δῆμον
1011 2339 1047 2404 έν
1074 2349 1119 2426 τῷ
1147 2363 1220 2405 τιατ-

219 2445 330 2525 οίκητο
351 2439 487 2508 Ἠετίων
510 2442 766 2521 ἀποκτενέοντας
787 2447 824 2510 τὸ
848 2447 991 2511 παιδίον.
1029 2445 1220 2530 ἀπικόμενοι

220 2544 256 2613 δὲ
280 2543 372 2613 οὗτοι
390 2548 423 2625 ές
444 2551 505 2632 τὴν
524 2547 656 2634 Πέτρην
674 2548 728 2615 καί
746 2553 967 2634 παρελθόντες
985 2550 1019 2627 ές
1035 2553 1096 2634 τὴν
1115 2552 1220 2635 αὐλὴν

218 2657 278 2740 τὴν
299 2653 472 2734 Ἠετίωνος
499 2663 609 2722 αἴτεον
631 2658 667 2721 τὸ
690 2657 838 2721 παιδίον·
868 2655 889 2737 ἡ
914 2653 950 2720 δὲ
973 2657 1091 2738 Λάβδα
1113 2659 1221 2722 εἰδυῖά

219 2785 253 2827 τε
281 2759 381 2828 οὐδέν
408 2773 474 2826 τῶν
503 2764 610 2826 εἵνεκα
638 2762 757 2828 ἐκεῖνοι
784 2763 954 2827 ἀπικοίατο
981 2760 1035 2827 καὶ
1059 2761 1221 2828 δοκέουσά

220 2885 323 2953 σφεας
341 2868 593 2952 φιλοφροσύνης
605 2877 666 2932 τοῦ
679 2869 800 2952 πατρὸς
815 2869 921 2932 εἵνεκα
936 2865 1057 2932 αἰτέειν
1070 2866 1220 2953 φέρουσα

220 2975 396 3058 ἐνεχείρισε
419 2973 529 3038 αὐτῶν
552 2971 610 3037 ἑνί.
655 2985 740 3038 τοῖσι
765 2971 801 3040 δὲ
824 2974 886 3058 άρα
910 2972 1123 3057 ἐβεβούλευτο
1147 2971 1217 3039 κατ’

220 3079 301 3144 ὁδὸν
319 3081 378 3144 τὸν
396 3090 527 3163 πρῶτον
547 3079 656 3144 αὐτῶν
674 3082 816 3162 λαβόντα
835 3081 871 3143 τὸ
890 3081 1023 3144 παιδίον
1041 3083 1220 3164 προσουδί·

220 3201 284 3249 σαι.
317 3182 385 3248 ἐπεὶ
405 3180 451 3248 ὧν
466 3187 566 3250 ἔδωκε
581 3183 729 3269 φέρουσά
742 3185 762 3268 ἡ
777 3185 905 3267 Λάβδα,
924 3185 982 3249 τὸν
996 3188 1140 3268 λαβόντα
1154 3199 1219 3251 τῶν

220 3289 354 3373 ἀνδρῶν
368 3293 444 3375 θείῃ
462 3291 542 3374 τύχῃ
553 3289 772 3372 προσεγέλασε
786 3291 823 3354 τὸ
837 3292 982 3374 παιδίον,
996 3289 1051 3355 καὶ
1065 3293 1124 3358 τὸν
1136 3317 1219 3375 φρα-

221 3395 344 3461 σθέντα
366 3404 463 3460 τοῦτο
484 3391 590 3471 οἶκτός
608 3417 657 3470 τις
676 3400 757 3478 ἰσχει
776 3395 974 3480 ἀποκτείναι,
997 3402 1219 3484 κατοικτείρας
