2640 3960
416 283 483 338 LIB.
498 284 531 340 v.
569 283 645 341 CAP.
666 289 786 342 ἰε-οε.
1061 290 1105 352 41·

94 428 274 510 Αἰγινῆται
307 422 344 492 δέ
372 426 565 513 εὐδαιμονίῃ
593 450 628 493 τε
656 428 779 514 μεγάλη
808 429 1023 515 ἐπαερθέντες
1049 431 1105 497 καλ

96 535 222 616 ἔχθρης
244 537 383 615 παλαιῆς
401 531 672 617 ἀναμνησθέντες
690 534 829 618 ἐχούσης
847 535 880 612 ές
894 533 1103 622 Ἀθηναίους,

95 641 169 702 τότε
202 641 357 720 Θηβαίων
390 639 580 721 δεηθέντων
611 643 757 724 πόλεμον
791 639 976 726 ἀκήρυκτον
1006 641 1104 728 Ἀθη-

95 745 222 807 ναίοισι
251 741 422 827 ἐπέφερον.
469 743 682 827 ἐπικειμένων
709 747 772 830 γάρ
796 745 905 811 αὐτῶν
928 751 1103 814 Βοιωτοῖσι

95 847 338 925 ἐπιπλώσαντες
373 857 516 934 μακρῇσι
551 848 651 932 νηυσὶ
686 850 719 926 ἐς
750 851 810 934 τῆν
839 848 987 936 Ἀττικῆν
1022 857 1103 920 κατά

95 951 156 1040 μέν
189 957 312 1039 ἔσυραν
342 954 513 1039 Φάληρον,
545 957 627 1020 κατά
659 951 696 1020 δὲ
727 965 785 1039 τῆς
812 958 912 1041 άλλης
943 963 1103 1044 παραλίης

94 1063 239 1136 πολλοὺς
269 1061 409 1143 δήμους,
441 1069 611 1137 ποιεῦντες
639 1057 676 1126 δὲ
703 1071 806 1126 ταῦτα
834 1064 982 1146 μεγάλως
1005 1061 1102 1148 Ἀθη-

94 1171 212 1243 ναίους
235 1165 395 1231 ἐσίνοντο.

179 1269 225 1336 Ἡ
248 1267 285 1336 δέ
313 1273 416 1356 ἔχθρη
444 1270 465 1354 ἡ
492 1272 757 1357 προοφειλομένη
786 1274 819 1351 ἐς
842 1270 1042 1358 Ἀθηναίους
1067 1276 1102 1342 ἐκ
1119 1293 1153 1344 82

93 1390 160 1444 τῶν
184 1376 391 1460 Αἰγινητέων
420 1375 548 1459 ἐγένετο
576 1377 609 1456 ἐξ
637 1378 738 1463 άρχῆς
764 1382 905 1463 τοιῆσδε.
951 1378 1101 1446 Ἐπιδαυ-

95 1491 197 1570 ρίοισι
219 1483 239 1566 ἡ
262 1492 304 1566 γῆ
327 1484 455 1567 καρπὸν
479 1482 601 1548 οὐδένα
619 1483 786 1550 άνεδίδου.
823 1484 898 1570 περὶ
915 1487 1036 1568 ταύτης
1054 1483 1101 1554 ὧν

94 1602 150 1677 τῆς
182 1597 356 1673 συμφορῆς
379 1589 414 1653 οί
434 1586 641 1674 Ἐπιδαύριοι
668 1589 828 1676 ἐχρέωντο
857 1591 893 1656 ἐν
916 1597 1100 1676 Δελφοῖσι·

93 1699 113 1782 ἡ
142 1695 180 1762 δὲ
208 1697 324 1776 Πυθίη
353 1692 456 1778 σφέας
484 1693 611 1760 ἐκέλευε
636 1699 767 1779 Δαμίης
793 1719 828 1760 τε
855 1695 910 1761 καλ
933 1697 1101 1780 Αὐξησίης

94 1805 263 1888 ἀγάλματα
291 1800 495 1884 ίδρύσασθαι
517 1803 576 1864 καί
600 1817 661 1883 σφι
692 1801 941 1885 ίδρυσαμένοισι
964 1805 1100 1886 άμεινον

94 1912 320 1974 συνοίσεσθαι.
366 1905 561 1989 ἐπειρώτεον
597 1900 644 1969 ὧν
681 1906 716 1970 οί
746 1903 951 1991 Ἐπιδαύριοι
982 1911 1100 1993 κότερα

93 2020 218 2100 χαλκοῦ
240 2011 419 2077 ποιέωνται
441 2012 481 2074 τδι
504 2010 672 2093 ἀγάλματα
695 2010 715 2094 ῆ
739 2015 851 2076 λίθου·
880 2013 900 2094 ἡ
925 2010 961 2078 δὲ
984 2018 1099 2097 Πυθίη

94 2119 251 2203 οὐδέτερα
291 2117 418 2182 τούτων
455 2118 510 2199 ἐα,
554 2115 635 2180 ἀλλά
677 2115 778 2194 ξύλου
819 2117 941 2201 ἡμέρης
981 2119 1099 2203 ἐλαίης.

92 2224 227 2292 ἐδέοντο
252 2217 299 2288 ών
323 2224 358 2288 οί
376 2217 580 2307 Ἐπιδαύριοι
600 2218 789 2306 Ἀθηναίων
811 2222 924 2306 ἐλαίην
943 2239 1003 2307 σφι
1022 2227 1099 2290 δοῦ-

92 2356 147 2396 ναι
177 2329 354 2414 ταμέσθαι,
388 2329 547 2414 ἱρωτάτας
579 2329 620 2410 δὴ
649 2330 759 2404 κείνας
785 2331 974 2413 νομίζοντες
1001 2327 1098 2396 εἶναι·

91 2437 219 2520 λέγεται
253 2431 290 2500 δέ
316 2433 370 2498 καὶ
395 2435 443 2510 ’ὡς
471 2433 576 2499 ἐλαῖαι
602 2429 688 2517 ἦσαν
716 2435 835 2498 άλλοθι
861 2444 922 2518 γῆς
949 2435 1099 2520 οὐδαμοῦ

91 2543 172 2607 κατά
194 2543 318 2626 χρόνον
341 2540 469 2606 ἐκεῖνον
490 2540 510 2623 ῆ
530 2539 566 2604 ἐν
586 2537 755 2625 Ἀθήνησι.
797 2541 832 2606 οί
848 2537 885 2606 δέ
904 2539 956 2606 ἐπὶ
974 2544 1099 2608 τοιοίδε

92 2650 213 2713 δώσειν
237 2649 365 2729 ἔφασαν
384 2643 433 2712 ἐπ’
456 2636 481 2733 ᾧ
501 2644 662 2722 ἀπάξουσι
680 2649 768 2722 ἔτεος
787 2644 924 2711 ἑκάστου
942 2655 981 2730 τῆ
1001 2645 1099 2730 Ἀθη-

90 2756 168 2838 υαίη
187 2775 222 2816 τε
240 2761 279 2837 τῆ
299 2751 442 2816 Πολιάδι
462 2752 517 2834 ίρδι
533 2747 586 2815 καὶ
604 2759 649 2838 τῷ
666 2749 826 2835 Ἐρεχθέῖ·
848 2751 1099 2829 καταινέσαντες

91 2856 128 2924 δὲ
152 2855 205 2924 ἐπὶ
227 2859 376 2923 τούτοισι
399 2859 434 2921 οί
451 2855 656 2940 Ἐπιδαύριοι
679 2867 746 2920 τῶν
768 2879 803 2921 τε
827 2855 960 2921 ἐδέοντο
981 2860 1098 2940 ἔτυχον

88 2964 144 3030 καί
163 2963 332 3047 ἀγάλματα
351 2963 386 3028 ἐκ
404 2973 470 3026 τῶν
485 2961 620 3026 ἐλαιέων
635 2963 762 3026 τούτων
776 2962 991 3044 ποιησάμενοι
1006 2963 1097 3046 ίδρύ-

89 3087 206 3135 σαντο·
224 3067 280 3133 καὶ
298 3068 367 3152 ῆτε
384 3076 426 3150 γῆ
445 3083 507 3149 σφι
526 3069 622 3151 ἔφερε
636 3065 691 3131 καί
708 3063 915 3148 Ἀθηναίοισι
930 3067 1097 3133 ἐπετέλεον

87 3179 128 3241 τὰ
152 3173 344 3240 συνέθεντο.
381 3180 500 3237 τοῦτον
524 3165 554 3235 δ’
581 3174 628 3236 έτι
651 3173 709 3236 τὸν
732 3175 855 3256 χρόνον
878 3169 932 3235 καὶ
955 3174 1019 3257 πρὸ
1038 3183 1097 3238 τοῦ
1116 3190 1149 3240 83

89 3283 266 3365 Αἰγινῆται
292 3277 514 3362 Ἐπιδαυρίων
539 3278 665 3360 ἤκουον
691 3277 731 3340 τά
757 3301 792 3342 τε
822 3279 904 3342 άλλα
927 3276 981 3342 καὶ
1005 3281 1097 3356 δίκας

89 3387 319 3470 διαβαίνοντες
340 3383 373 3460 ἐς
393 3378 590 3464 Ἐπίδαυρον
611 3381 767 3447 ἐδίδοσάν
786 3405 819 3447 τε
838 3381 892 3446 καλ
911 3383 1097 3467 ἐλάμβανον

86 3486 165 3575 παρ’
192 3489 345 3574 άλλῆλων
368 3488 401 3554 οί
417 3489 600 3571 Αίχινῆται.
637 3488 673 3552 τὸ
698 3485 734 3552 δὲ
757 3487 820 3553 άπὸ
844 3490 942 3553 τοῦδε
964 3488 1041 3566 νέας
1062 3512 1097 3554 τε
