2640 3960
385 227 453 282 ιιε.
468 227 502 283 v.
540 227 614 284 οιε.
635 235 677 298 ω,
696 235 797 284 ε-ω,
1059 233 1100 296 51

89 383 235 456 γυναῖκα
257 371 440 438 Μέλισσαν.
486 370 652 457 πέμψαντι
678 373 741 458 γάρ
769 375 804 438 οί
824 373 858 451 ἐς
884 378 1101 461 Θεσπρωτοὺς

90 475 141 544 ἐπ’
166 475 341 564 Ἀχέροντα
363 478 512 562 ποταμὸν
535 476 695 561 ἀγγέλους
713 476 765 544 ἐπὶ
783 480 820 544 τὸ
839 484 1101 565 νεκυομαντήιον

89 585 371 670 παρακαταθήκης
402 583 477 669 πέρι
509 581 650 666 ξεινικῆς
679 583 756 648 οὔτε
774 585 961 668 ,σημανέειν
989 589 1052 671 ἔφη
1080 587 1101 672 ή

91 689 249 756 Μέλισσα
267 689 464 774 ἐπιφανεῖσα
483 689 559 754 οὔτε
576 687 743 774 κατερέειν
762 689 798 756 ἐν
816 698 861 778 τῷ
880 689 987 756 κέεται
1004 693 1101 780 χώρῳ

90 797 111 880 ἡ
134 798 410 882 παρακαταθήκη·
434 795 554 881 ῥιγοῦν
576 818 611 860 τε
629 797 693 880 γὰρ
711 793 766 860 καὶ
785 790 870 862 εἶναι
888 799 1012 881 γυμνή·
1034 809 1102 862 τῶν

90 903 155 988 γάρ
184 902 221 967 οί
244 901 474 986 συγκατέθαψε
504 902 642 986 ἱματίων
670 903 791 985 όφελος
817 897 904 967 εἶναι
931 900 1033 968 οὐδὲν
1061 904 1102 968 οὐ

90 1007 383 1074 κατακαυθέντων·
405 1008 588 1094 μαρτύριον
603 1006 642 1072 δέ
655 1007 690 1072 οί
701 1003 787 1073 εἶναι
802 1007 845 1085 ὡς
860 1007 987 1092 ἀληθέα
1001 1017 1103 1074 ταῦτα

91 1114 190 1198 λέγει,
206 1114 257 1180 ὅτι
271 1110 324 1178 ἐπὶ
337 1113 467 1197 ψυχρὸν
481 1113 541 1177 τὸν
556 1113 654 1177 ίπνὸν
668 1114 877 1200 Περίανδρος
890 1116 968 1191 τοὺς
981 1115 1103 1199 ἀρτους

92 1221 238 1304 ἐπέβαλε.
274 1226 377 1282 ταῦτα
396 1215 433 1282 δέ
453 1217 497 1295 ὡς
516 1217 620 1282 ὀπίσω
635 1217 827 1302 ἀπηγγέλθη
842 1227 887 1308 τῷ
903 1219 1102 1307 Περιάνδρῳ

92 1325 225 1413 (πιστὸν
254 1324 318 1410 γάρ
351 1323 386 1388 οί
415 1318 458 1407 ἦν
484 1325 522 1388 τὸ
546 1326 771 1408 συμβόλαιον,
803 1323 840 1401 ὃς
866 1333 973 1413 νεκρῷ
1002 1325 1103 1411 ἐούσῃ
1197 1365 1200 1368 -

92 1435 247 1516 Μελίσση
272 1428 391 1515 ἐμίγη),
416 1427 517 1506 ἰθέως
540 1431 581 1513 δή
601 1431 680 1514 μετά
697 1431 759 1514 τήν
777 1430 933 1514 ἀγγελίην
950 1434 1102 1516 κήρυγμα

93 1538 270 1638 ἐποχήσατο
295 1535 328 1612 ἐς
349 1537 386 1600 τὸ
402 1533 545 1622 Ἥραιον
569 1534 690 1613 ἐξιέναι
707 1536 813 1612 πάσας
830 1538 887 1614 τάς
905 1540 1103 1623 Κορινθίων

92 1654 260 1727 γυναῖκας.
307 1642 345 1705 αί
374 1637 434 1726 μὲν
462 1642 503 1724 δή
531 1640 576 1718 ὡς
603 1640 636 1717 ἐς
663 1640 764 1726 ὁρτήν
791 1643 891 1725 ήισαν
917 1646 1029 1731 κόσμῳ
1056 1651 1102 1732 τῷ

92 1753 255 1834 καλλίστῳ
279 1748 472 1834 χρεώμεναι,
495 1747 513 1812 δ
536 1743 566 1811 δ’
588 1747 777 1831 ὑποστήσας
794 1751 873 1825 τοὺς
891 1750 1103 1835 δορυφόρους

93 1853 240 1921 ἀπέδυσέ
269 1870 374 1937 σφεας
400 1853 506 1930 πάσας
533 1852 668 1938 ὁμοίως,
696 1853 753 1930 τάς
780 1877 814 1919 τε
843 1854 1021 1940 ἐλευθέρας
1048 1853 1102 1920 καί

91 1964 150 2038 τάς
177 1961 401 2045 ἀμφιπόλους,
429 1961 648 2044 συμφορήσας
675 1956 712 2024 δὲ
739 1959 772 2036 ἐς
796 1961 926 2044 όρυγμα
948 1963 1101 2046 Μελίσσῃ

93 2067 312 2150 ἐπευχόμενος
343 2063 500 2130 κατέκαιε.
545 2073 648 2129 ταῦτα
676 2063 715 2130 δέ
737 2065 772 2129 οί
791 2068 965 2148 ποιήσαντι
988 2064 1043 2130 καὶ
1063 2068 1102 2130 τὸ

93 2172 253 2258 δεύτερον
284 2169 449 2255 πέμψαντι
483 2172 607 2256 ἔφρασε
634 2171 671 2235 τὸ
700 2171 840 2235 εἴδωλον
866 2172 903 2236 τὸ
930 2175 1103 2256 Μελίσσης

93 2279 126 2356 ἐς
144 2279 205 2343 τὸν
222 2275 384 2360 κατέθηκε
402 2287 512 2363 χῶρον
530 2285 591 2342 τοῦ
610 2275 721 2354 ξείνου
736 2278 798 2360 τήν
812 2281 1102 2363 παρακαταθήκην.

92 2391 226 2449 τοιοῦτο
254 2379 315 2468 μέν
343 2381 423 2467 ὑμῖν
446 2383 514 2448 ἐστι
536 2382 557 2466 ή
580 2386 752 2468 τυραννίς,
781 2378 807 2448 ὦ
830 2385 1101 2469 Λακεδαιμόνιοι,

93 2487 149 2555 καὶ
171 2490 333 2554 τοιούτων
356 2492 473 2576 ἐργων.
510 2487 612 2572 ήμέας
635 2485 672 2553 δὲ
689 2491 768 2564 τοὺς
785 2492 994 2575 Κορινθίους
1011 2493 1049 2555 τό
1067 2513 1102 2556 τε

93 2596 211 2662 αὐτίκα
232 2599 333 2680 θῶμα
356 2595 438 2680 μέγα
462 2589 526 2679 εἶχε
550 2595 603 2660 ὅτε
621 2593 723 2679 ὑμέας
746 2595 878 2680 εἴδομεν
899 2617 1101 2681 μεταπεμπο-

94 2703 216 2789 μένους
240 2697 386 2786 Ἱππίην,
417 2709 482 2768 νῦν
513 2723 547 2766 τε
581 2701 621 2784 δή
649 2698 705 2765 καὶ
732 2704 874 2786 μεζόνως
904 2702 1101 2784 θωμάζομεν

93 2809 253 2892 λέγοντας
269 2817 383 2890 ταῦτα,
403 2806 692 2892 ἐπιμαρτυρόμεθά
704 2829 739 2872 τε
758 2807 1004 2890 ἐπικαλεόμενοι
1022 2805 1101 2888 ὑμῖν

93 2917 198 2992 θεοὺς
228 2917 307 2991 τοὺς
334 2909 528 2996 Ἑλληνίους
555 2913 598 2997 μή
626 2913 816 2977 κατιστάναι
841 2912 1042 2996 τυραννίδας
1069 2909 1102 2986 ἐς

92 3023 152 3099 τάς
179 3021 282 3097 πόλις.
327 3018 389 3084 οὐκ
413 3013 460 3082 ὧν
486 3017 656 3082 παύσεσθε
684 3017 766 3080 ἀλλά
793 3017 991 3099 πειρήσεσθε
1014 3017 1102 3100 παρά

93 3128 131 3192 τὸ
161 3128 292 3192 δίκαιον
314 3125 512 3208 κατάγοντες
529 3119 674 3206 Ἱππίην·
701 3129 769 3188 ίστε
792 3121 872 3206 ὑμῖν
894 3123 1102 3205 Κορινθίους

94 3257 132 3316 γε
156 3233 198 3298 οὐ
220 3233 465 3307 συναινέοντας.

185 3338 376 3422 Σωσικλέης
406 3333 466 3422 μὲν
498 3335 561 3400 ἀπὸ
588 3337 765 3421 Κορίνθου
794 3335 987 3420 πρεσβεύων
1015 3334 1102 3414 ἔλεξε
1120 3352 1153 3401 93

94 3447 185 3532 τάδε,
201 3443 328 3529 Ἱππίης
346 3442 383 3510 δὲ
403 3445 504 3510 αὐτὸν
519 3443 669 3528 ἀμείβετο
683 3443 761 3519 τοὺς
775 3441 896 3516 αὐτοὺς
910 3440 1102 3517 ἐπικαλέσας

852 3543 890 3598 4*
