2640 3960
413 282 481 337 LIB.
496 281 542 337 vl.
580 281 653 338 cAP.
674 289 795 338 26-30.
1067 282 1113 347 79

101 429 138 496 ἐκ
157 426 292 512 Λέσβου
317 424 354 492 δὲ
375 427 592 511 λιμαινούσης
614 426 650 490 οί
669 434 727 509 της
746 435 898 511 στρατιῆς
915 426 1020 513 πέρην
1038 429 1110 493 δια-

102 537 223 617 βαίνει,
247 531 283 598 έκ
305 541 366 598 τοῦ
385 525 556 616 Ἀταρνέος
579 531 623 608 ὡς
645 530 863 622 ἀμήσωνιτὸν
886 542 979 596 σῖτον
997 535 1056 598 τόν
1074 555 1112 598 τε

103 639 264 705 ἐνθεῦτεν
291 636 426 703 καὶτὸν
449 638 485 704 ἐκ
506 639 635 703 Καΐκου
657 637 775 702 πεδίου
797 638 857 702 τὸν
880 647 947 702 τῶν
970 641 1112 703 Μυσῶν.

5 797 6 814 ι
103 745 140 810 ἐν
169 741 206 809 δὲ
230 744 379 809 τούτοισι
400 755 488 809 τοῖσι
509 746 660 828 χωρίοισι
683 742 839 827 ἐτύγχανε
863 743 927 808 ἐὼν
947 741 1111 829 Ἅρπαγος

5 843 7 902 ό
102 850 189 935 ἀνήρ
213 849 359 936 Πέρσης,
388 851 569 935 στρατηγὸς
595 857 749 935 στρατιῆς
776 849 837 914 οὐκ
865 849 992 933 ὀλίγης,
1020 850 1056 926 ὅς
1079 850 1115 914 οί

102 955 266 1040 ἀποβάντι
294 957 472 1039 συμβαλὼν
501 955 603 1020 αὐτόν
629 978 665 1020 τε
687 952 842 1022 Ἱστιαῖον
868 957 987 1040 ζωγρίῃ
1015 957 1111 1037 ἔλαβε

102 1060 159 1126 καὶ
176 1063 237 1126 τὸν
256 1062 398 1146 στρατὸν
416 1061 521 1126 αὐτοῦ
537 1063 597 1126 τὸν
615 1059 702 1126 πλέω
723 1059 903 1145 διέφθειρε.
940 1061 1111 1146 ἐζωγρήθη
1131 1077 1165 1126 κο

104 1164 141 1234 δέ
161 1164 345 1243 ὁἹστιαίος
363 1162 441 1231 ὧδε·
463 1167 508 1243 ὡς
526 1165 686 1251 ἐμάχοντο
705 1167 740 1230 οί
751 1164 908 1250 Ἕλληνες
925 1176 1012 1231 τοῖσι
1025 1165 1112 1249 Πέρ-

104 1290 184 1358 σησι
212 1272 249 1338 ἐν
271 1281 310 1357 τῇ
333 1275 477 1358 Μαλήνη
504 1281 561 1355 τῆς
580 1268 819 1356 Ἀταρνείτιδος
846 1273 968 1356 χώρης,
997 1272 1032 1336 οί
1052 1267 1112 1356 μέν

104 1377 313 1444 συνέστασαν
340 1380 464 1463 χρόνον
492 1376 544 1442 ἐπὶ
570 1380 710 1460 πολλόν,
739 1377 760 1460 ή
789 1374 826 1442 δέ
852 1378 950 1454 ἵππος
971 1378 1114 1460 ὕστερον

104 1485 291 1570 ὁρμηθεῖσα
321 1483 482 1548 ἐπιπίπτει
511 1494 597 1548 τοῖσι
622 1481 771 1566 Ἕλλησι·
808 1485 846 1548 τό
875 1507 910 1548 τε
940 1483 981 1566 δή
1014 1486 1113 1568 ἔργον

102 1599 162 1672 πής
185 1590 288 1654 ’ίππου
309 1597 408 1655 τοῦτο
431 1586 571 1671 ἐγένετο,
594 1587 650 1654 καὶ
671 1588 902 1674 τετραμμένων
919 1600 986 1654 τῶν
1000 1586 1113 1672 Ἑλλή-

106 1719 177 1760 νων
201 1694 219 1760 ὁ
238 1693 389 1771 Ἱστιαῖος
412 1694 550 1773 ἐλπίζων
573 1695 634 1760 οὐκ
657 1694 856 1760 ἀπολέεσθαι
879 1694 943 1760 ὑπὸ
961 1693 1114 1778 βασιλέος

106 1803 163 1865 διὰ
185 1801 247 1883 τήν
269 1809 459 1886 παρεοῦσαν
478 1800 649 1886 ἁμαρτάδα
668 1803 871 1884 φιλοψυχίην
889 1802 1021 1883 τοιήνδε
1038 1802 1113 1864 τινὰ

106 1904 308 1991 ἀναιρέεται·
334 1906 379 1982 ὡς
401 1907 536 1990 φεύγων
558 1929 594 1993 τε
620 1907 881 1990 κατελαμβάνετο
904 1905 969 1972 ὑπὸ
992 1905 1115 1991 ἀνδρὸς

107 2011 248 2096 Πέρσεω
270 2009 325 2076 καὶ
348 2011 393 2088 ὡς
414 2014 666 2096 καταιρεόμενος
692 2007 748 2076 ὑπ’
774 2011 878 2077 αὐτοῦ
900 2014 1012 2097 ἔμελλε
1035 2027 1114 2094 συγ-

107 2120 390 2202 κεντηθήσεσθαι,
416 2119 565 2203 Περσίδα
591 2117 745 2200 γλῶσσαν
768 2115 887 2202 μετιελς
913 2117 1114 2202 καταμηνύει

107 2222 233 2290 ἑωυτὸν
255 2222 300 2300 ὡς
322 2228 372 2306 είη
390 2219 541 2299 Ἱστιαῖος
563 2221 582 2288 δ
604 2225 778 2306 Μιλήσιος.
824 2224 855 2287 εί
875 2221 936 2308 μέν
958 2247 1038 2306 νυν,
1069 2223 1114 2300 ὡς
1132 2243 1169 2292 30

107 2329 292 2415 ἐζωγρήθη,
309 2329 403 2425 ,ἄχθη
423 2328 584 2412 ἀγόμενος
602 2330 690 2413 παρά
708 2327 844 2412 βασιλέα
862 2334 1020 2414 Δαρεῖον,
1039 2328 1058 2395 ό
1077 2326 1114 2394 δὲ

108 2429 180 2500 οὔτ’
206 2433 248 2500 ἀν
271 2436 375 2500 ἔπαθε
397 2435 499 2500 κακὸν
522 2431 623 2500 οὐδὲν
646 2433 775 2500 δοκέειν
793 2433 878 2520 ἐμοί,
901 2433 1006 2519 ἀπῆκέ
1021 2431 1051 2499 τ’
1072 2433 1115 2500 ἀν

108 2540 197 2628 αὐτῷ
221 2541 282 2624 τήν
305 2541 429 2624 αἰτίην·
450 2549 515 2605 νῦν
539 2539 579 2606 δέ
598 2565 656 2626 μιν
676 2539 787 2606 αὐτῶν
806 2560 841 2606 τε
859 2541 987 2606 τούτων
1006 2542 1115 2606 εἵνεκα

108 2643 163 2712 καὶ
181 2645 238 2711 ἵνα
255 2647 299 2730 μή
319 2646 495 2730 διαφυγὼν
509 2641 601 2724 αὖτις
615 2645 715 2731 μέγας
727 2647 816 2732 παρὰ
829 2646 960 2730 βασιλέι·
970 2645 1114 2729 γένηται,

107 2744 329 2836 Ἀρταφρένης
349 2774 384 2816 τε
408 2750 426 2817 ὁ
444 2752 603 2837 Σαρδίων
624 2752 771 2838 ὕπαρχος
793 2749 848 2816 καὶ
871 2751 889 2818 ὁ
912 2753 1024 2835 λαβὼν
1038 2749 1115 2832 Ἅρ-

108 2877 224 2940 παγος,
248 2856 293 2934 ὡς
315 2856 447 2922 ἀπίκετο
471 2857 631 2941 ἀγόμενος
653 2857 687 2934 ές
708 2858 845 2942 Σάρδις,
867 2858 905 2922 τὸ
928 2852 989 2939 μὲν
1012 2855 1116 2919 αύτού

16 2953 17 2964 ¹
109 2973 205 3047 σῶμα
237 2962 340 3028 αὐτοῦ
368 2963 471 3048 ταύτη
504 2962 774 3048 ἀνεσταύρωσαν,
806 2963 867 3044 τήν
900 2957 936 3026 δὲ
967 2961 1118 3042 κεφαλήν

108 3069 362 3155 ταριχεύσαντες
398 3068 576 3152 ἀνήνεικαν
611 3069 700 3152 παρὰ
735 3065 871 3151 βασιλέα
901 3070 1047 3150 Δαρεῖον
1083 3060 1119 3142 ές

109 3179 236 3241 Σοῦσα.
282 3179 425 3260 Δαρεῖος
452 3169 489 3240 δὲ
515 3176 704 3258 πυθόμενος
730 3181 832 3237 ταῦτα
854 3169 910 3236 καὶ
933 3170 1114 3253 έπαιτιησά·

110 3305 210 3366 μενος
236 3282 315 3357 τοὺς
341 3288 443 3346 ταῦτα
471 3283 671 3363 ποιήσαντας
698 3279 749 3344 ότι
771 3301 829 3362 μιν
852 3277 893 3341 οὐ
916 3277 1039 3356 ζώοντα
1061 3277 1115 3342 ἀν-

111 3389 240 3472 ήγαγον
258 3386 291 3464 ές
309 3386 388 3464 ὄψιν
405 3387 467 3470 τήν
486 3384 621 3467 ἑωυτοῦ,
644 3386 705 3468 τήν
723 3384 870 3468 κεφαλήν
888 3384 948 3468 τήν
962 3380 1120 3450 Ἱστιαίου

110 3492 298 3569 λούσαντάς
320 3514 354 3556 τε
381 3488 436 3557 καὶ
457 3495 723 3576 περιστείλαντας
746 3483 783 3554 εὖ
806 3487 986 3555 ἐνετείλατο
1010 3489 1115 3566 θάψαι
