2640 3960
209 293 274 356 114
615 291 801 347 HERODOTI

208 437 335 521 χώρην,
357 436 496 515 τούτους
517 453 579 521 σφι
607 437 740 502 διδοῦσι
761 437 934 521 τιμωρούς.
978 446 1045 501 τῶν
1067 431 1105 501 δὲ
1124 433 1213 519 Ἐρε-

206 541 326 622 τριέων
348 537 391 626 ην
413 544 476 627 άρα
496 539 596 608 οὐδέν
614 539 704 626 ύγιές
722 543 900 626 βούλευμα,
919 545 955 609 οἳ
970 540 1214 626 μετεπέμποντο

207 643 268 730 μὲν
287 644 496 732 Ἀθηναίους,
519 647 681 732 ἐφρόνεον
705 644 741 713 δὲ
768 649 925 731 διφασίας
954 646 1052 722 ίδέας.
1096 647 1132 712 οί
1151 643 1214 731 μὲν

206 753 270 838 γάρ
293 752 404 819 αὐτῶν
427 753 644 836 ἐβουλεύοντο
664 753 808 818 ἐκλιπεῖν
825 753 886 836 την
904 755 1002 817 πόλιν
1021 753 1054 830 ἐς
1070 754 1111 817 τὰ
1128 754 1214 837 άκρα

206 867 263 942 τῆς
285 858 444 942 Εὐβοίης,
473 859 567 923 ἄλλοι
594 855 631 923 δὲ
660 857 770 923 αύτῶν
798 859 867 923 ίδια
888 856 1006 942 κέρδεα
1033 858 1213 941 προσδεκό·

207 988 301 1048 μενοι
327 965 416 1050 παρά
443 972 504 1029 τοῦ
526 961 663 1047 Πέρσεω
691 970 843 1030 οίσεσθαι
870 964 1055 1049 προδοσίην
1079 962 1213 1029 ἐσκευά-

208 1072 310 1148 ζοντο.
356 1069 475 1154 μαθὼν
506 1065 543 1134 δέ
569 1070 698 1134 τούτων
726 1067 859 1154 ἑκάτερα
887 1068 931 1146 ὡς
958 1063 1024 1153 εἶχε
1050 1071 1213 1154 Αἰσχίνης

207 1173 225 1241 ὁ
253 1178 433 1258 Νόθωνος,
458 1175 521 1240 ἐὼν
553 1186 620 1240 τῶν
644 1169 836 1260 Ἐρετριέων
866 1176 906 1240 τά
937 1185 1062 1259 πρῶτα,
1095 1175 1212 1259 φράζει

206 1291 293 1345 τοῖσι
319 1281 437 1364 ἥκουσι
457 1278 645 1363 Ἀθηναίων
667 1280 772 1345 πάντα
796 1281 836 1346 τά
858 1281 1022 1366 παρεόντα
1045 1299 1106 1364 σφι
1128 1283 1211 1365 πρη·
1245 1335 1248 1341 ,

207 1409 328 1469 χματα,
359 1385 554 1471 προσεδέετό
586 1408 620 1450 τε
652 1385 924 1452 όπαλλάσσεσθαί
950 1402 1054 1470 σφεας
1085 1385 1119 1463 ἐς
1148 1387 1211 1470 τὴν

206 1489 385 1576 σφετέρην,
418 1492 473 1557 ἵνα
505 1492 548 1576 μὴ
581 1495 863 1577 προσαπόλωνται.
909 1492 944 1556 οί
973 1489 1009 1557 δέ
1037 1489 1210 1576 Ἀθηναῖοι

157 1614 204 1663 101
214 1606 317 1662 ταῦτα
339 1599 481 1683 Αἰσχίνη
504 1599 791 1682 συμβουλεύσαντι
812 1601 993 1662 πείθονται.
1038 1593 1210 1663 καὶοῦτοι

206 1699 267 1786 μὲν
294 1703 466 1786 διαβάντες
493 1703 526 1780 ἐς
549 1700 700 1789 Ὠρωπὸν
728 1705 849 1781 ἔσωζον
877 1701 981 1787 σφέας
1008 1703 1142 1780 αὐτούς·
1176 1706 1212 1769 οἱ

206 1805 243 1873 δὲ
279 1807 406 1894 Πέρσαι
442 1807 596 1886 πλέοντες
631 1807 790 1892 κατέσχον
824 1810 882 1885 τάς
917 1808 994 1886 νέας
1033 1818 1090 1893 τῆς
1123 1805 1209 1895 Ἐρε-

205 1923 316 1998 τρικης
346 1915 453 2000 χώρης
485 1905 566 1980 κατὰ
596 1915 750 1999 Ταμύνας
781 1912 835 1980 καί
862 1914 1002 2000 Χοιρέας
1033 1913 1087 1980 καί
1114 1919 1209 2000 Αἰγί-

205 2025 274 2102 λια,
306 2023 522 2106 κατασχόντες
554 2018 591 2087 δέ
623 2021 656 2097 ἐς
683 2031 784 2086 ταῦτα
815 2021 855 2084 τδ
881 2023 985 2106 χωρία
1013 2021 1129 2087 αὐτίκα
1158 2023 1208 2087 ῗπ-
1318 2025 1319 2042 ¹

204 2147 288 2202 πονς
313 2149 348 2192 τε
375 2126 587 2209 ἐξεβάλλοντο
614 2123 669 2190 καὶ
695 2126 975 2210 παρεσκευάζοντο
1004 2127 1048 2203 ὡς
1074 2146 1208 2212 προσοι-

206 2233 341 2314 σόμενοι
371 2242 457 2296 τοῖσι
485 2231 644 2314 ἐχθροῖσι.
690 2232 726 2295 οί
749 2229 786 2297 δὲ
814 2226 990 2317 Ἐρετριέες
1021 2232 1208 2312 ἐπεξελθεῖν

205 2333 266 2418 μὲν
296 2333 351 2399 καὶ
378 2334 585 2419 μαχέσασθαι
617 2336 679 2401 ούκ
708 2335 878 2403 ἐποιεῦντο
910 2341 1063 2422 βουλήν,
1083 2346 1117 2405 εί
1143 2365 1209 2418 κως

206 2436 244 2505 δὲ
275 2439 512 2523 διαφυλάξαιεν
543 2442 583 2504 τά
614 2443 735 2524 τείχεα,
767 2443 888 2507 τούτου
915 2461 976 2528 σφι
1003 2444 1078 2530 πέρι
1104 2449 1208 2530 ἔμελε,

206 2545 310 2611 ἐπείτε
341 2545 433 2610 ἐνίκα
461 2547 503 2629 μὴ
538 2545 681 2611 ἐκλιπεῖν
707 2549 768 2631 τὴν
800 2551 907 2614 πόλιν.
957 2554 1144 2635 προσβολῆς
1171 2551 1207 2618 δέ

205 2649 381 2736 γενομένης
416 2660 573 2736 καρτερῆς
606 2653 689 2738 πρὸς
719 2654 756 2718 τὸ
788 2665 893 2738 τεῖχος
925 2657 1061 2721 ἔπιπτον
1090 2656 1142 2722 ἐπὶ
1174 2659 1207 2737 ἓξ

205 2756 326 2842 ἡμέρας
352 2753 468 2820 πολλοὶ
491 2753 552 2840 μέν
575 2755 782 2843 ἀμφοτέρων·
806 2767 844 2842 τῇ
867 2757 903 2824 δὲ
927 2758 1050 2847 ἑβδόμη
1072 2763 1207 2850 Εὔφορ-

205 2865 264 2948 βός
290 2886 325 2928 τε
357 2858 593 2946 δ’Λλκιμάχον
620 2861 675 2928 καὶ
704 2867 869 2950 Φίλαγρος
895 2864 913 2930 ὁ
936 2866 1055 2932 Κυνέω
1088 2870 1208 2954 ἄνδρες
1302 2905 1317 2972 χ

204 2980 272 3035 τῶν
308 2968 416 3034 ἀστῶν
453 2969 582 3053 δόκιμοι
617 2971 815 3053 προδιδοῦσι
849 2980 936 3035 τοῖσι
967 2973 1124 3058 Πέρσησι.
1175 2979 1209 3042 οί
1316 2985 1317 3007 λ

206 3071 243 3139 δέ
271 3073 464 3150 ἐσελθόντες
490 3074 523 3150 ἐς
548 3076 609 3158 τὴν
636 3078 734 3140 πόλιν
760 3083 857 3141 τοῦτο
880 3073 941 3160 μέν
966 3079 1006 3142 τὰ
1031 3079 1085 3163 ίρδι
1106 3085 1208 3165 σνλη-
1315 3137 1316 3150 .

205 3198 321 3256 σαντες
340 3179 534 3264 ἐνέπρησαν,
558 3180 792 3266 ἀποτινύμενοι
809 3193 876 3246 τῶν
895 3182 931 3247 ἐν
949 3185 1093 3268 Σάρδισι
1110 3210 1207 3252 κατα-

206 3283 401 3350 καυθέντων
425 3287 516 3370 ίρῶν,
539 3296 637 3352 τοῦτο
661 3285 697 3352 δέ
719 3290 797 3363 τοὺς
819 3287 1018 3372 ἀνθρώπους
1040 3291 1207 3376 ἠνδραπο-

156 3409 205 3460 102
218 3393 353 3457 δάσαντο
376 3394 456 3456 κατὰ
479 3393 536 3468 τὰς
558 3395 706 3476 Δαρείου
729 3392 870 3469 ἐντολάς.
913 3395 1150 3480 χειρωσάμενοι
1169 3397 1207 3463 δὲ

207 3499 268 3582 τὴν
287 3494 455 3582 Ἐρέτριαν
477 3496 532 3562 καὶ
554 3497 740 3582 ἐπισχόντες
762 3497 875 3582 ὀλίγας
897 3497 1019 3586 ἡμέρας
1037 3503 1154 3568 ἔπλεον
1173 3504 1208 3582 ἐς
