2678 3970
240 270 303 335 176
530 319 535 330 .
650 271 837 328 HERODOTI

238 413 378 490 ἀσπίδας
406 411 442 480 δέ
470 414 667 500 δερματινας
690 417 827 501 σμικράς
849 412 903 480 καὶ
926 414 1070 479 ἀκόντια.
1115 416 1242 498 Κόλχοι

239 513 276 586 δέ
309 517 384 605 περὶ
413 517 473 605 μέν
500 529 576 606 τῇσι
602 526 764 606 κεφαλῇσι
790 521 912 605 κράνεα
940 520 1072 602 ξύλινα,
1101 519 1243 595 ἀσπίδας

239 619 276 690 δέ
299 624 485 709 ὠμοβοΐνας
508 628 645 712 σμικράς
668 626 785 712 αίχμάς
806 649 841 692 τε
860 624 1010 710 βραχέας,
1030 627 1112 710 πρὸς
1132 621 1169 691 δέ
1186 623 1241 690 καὶ

237 734 397 818 μαχαίρας
420 727 519 817 εἶχον.
555 736 686 817 Μαρῶν
710 728 747 798 δέ
769 730 824 798 καὶ
847 735 987 816 Κόλχων
1008 726 1087 816 ήρχε
1109 735 1241 816 Φαραν-

238 837 338 919 δάτης
360 836 378 902 6
401 838 568 914 Τεάσπιος.
608 834 795 923 Ἀλαρόδιοι
817 834 854 904 δέ
876 835 931 902 καὶ
953 838 1139 923 Σάσπειρες
1160 840 1241 904 κατά

236 964 297 1027 περ
316 945 440 1028 Κόλχοι
463 941 662 1026 ὡπλισμένοι
685 943 929 1029 ἐστρατεύοντο.
964 943 1092 1008 τούτων
1111 939 1149 1009 δέ
1166 947 1241 1009 Μα-

185 1069 219 1118 εο
238 1051 362 1125 σίστιος
389 1048 407 1115 6
430 1052 635 1133 Σιρομίτρεω
662 1043 751 1133 ήρχε.
799 1049 839 1113 τά
866 1043 904 1114 δέ
932 1050 1112 1131 νησιωτικά
1139 1051 1241 1114 ἔθνεα

237 1155 277 1218 τά
304 1154 339 1220 ἐκ
365 1163 423 1238 τής
441 1148 605 1239 Ἐρυθρῆς
627 1154 799 1236 θαλάσσης
822 1152 979 1238 ἑπόμενα,
1006 1156 1120 1236 νήσων
1144 1150 1181 1220 δέ
1205 1153 1242 1218 ἐν

237 1267 311 1344 τῇσι
341 1261 420 1336 τοὺς
446 1259 676 1336 ἀνασπάστους
701 1259 921 1344 καλεομένους
947 1262 1120 1338 κατοικίζει
1147 1262 1240 1342 βασι-

237 1366 323 1447 λεύς,
342 1365 509 1449 ἀγχοτάτω
527 1375 594 1430 τῶν
608 1365 773 1448 Μηδικῶν
787 1359 877 1449 εἶχον
892 1365 1016 1450 έσθήτά
1029 1388 1064 1430 τε
1077 1363 1133 1430 καὶ
1147 1366 1242 1432 ὅπλα.

236 1470 364 1536 τούτων
383 1466 419 1535 δέ
436 1481 503 1535 τῶν
521 1470 710 1553 νησιωτέων
729 1467 807 1556 ήρχε
821 1472 1024 1556 Μαρδόντης
1042 1469 1060 1536 6
1079 1473 1240 1554 Βαγαίου,

238 1575 275 1652 ὃς
293 1575 329 1642 ἐν
342 1581 486 1662 Μυκάλη
505 1575 715 1663 στρατηγέων
734 1575 876 1664 δευτέρῳ
895 1579 961 1642 ἔτει·
971 1577 1099 1642 τούτων
1114 1577 1239 1644 ἐτελεύ-

237 1698 316 1765 τησε
340 1682 376 1748 ἐν
398 1691 437 1768 τή
461 1684 554 1768 μάχη.

185 1809 218 1858 81
329 1792 438 1854 Ταῦτα
460 1785 503 1873 ήν
520 1791 560 1855 τά
577 1783 650 1856 κατ’
671 1791 808 1874 ήπειρον
826 1789 1068 1875 στρατευόμενά
1085 1810 1120 1853 τε
1139 1790 1241 1853 ἔθνεα
1326 1847 1327 1858 .

237 1891 292 1960 καὶ
314 1893 493 1980 τεταγμένα
516 1895 549 1973 ἐς
570 1896 629 1962 τὸν
651 1898 758 1974 πεζόν.
798 1895 920 1961 τούτου
944 1890 991 1961 ὦν
1013 1903 1074 1960 τοῦ
1096 1903 1241 1979 στρατοῦ
1325 1945 1327 1961 .

237 1996 341 2085 ήρχον
368 1998 428 2086 μέν
455 1997 548 2068 οὗτοι
576 2002 690 2087 οἵπερ
718 1999 861 2086 εἰρέαται
887 1999 943 2066 καὶ
970 2001 1005 2066 oc
1031 1999 1242 2078 διατάξαντες

237 2103 292 2170 καί
320 2105 597 2192 ἐξαριθμήσαντες
624 2103 717 2172 οὗτοι
744 2101 830 2191 ήσαν
857 2105 911 2172 καὶ
938 2107 1106 2192 χιλιάρχας
1127 2127 1163 2170 τε
1185 2103 1242 2170 καὶ

238 2212 419 2297 μυριάρχας
442 2211 667 2294 ἀποδέξαντες,
691 2210 930 2295 ἑκατοντάρχας
952 2206 990 2277 δέ
1006 2209 1062 2275 καὶ
1081 2211 1242 2295 δεκάρχας

239 2314 274 2378 οί
293 2316 479 2401 μυριάρχαι.
524 2315 645 2382 τελέων
669 2313 705 2382 δέ
728 2313 783 2381 καὶ
807 2315 935 2381 ἐθνέων
956 2311 1042 2400 ήσαν
1065 2316 1160 2382 ἄλλοι
1183 2332 1241 2399 ση-

238 2419 406 2503 μάντορες.
445 2415 532 2503 ήσαν
554 2417 615 2506 μέν
638 2422 679 2504 δή
703 2416 796 2487 οὗτοι
819 2421 934 2506 οἵπερ
957 2421 1099 2507 είρέαται
1122 2423 1241 2506 άρχον-

186 2547 219 2596 εν
239 2547 305 2608 τες,
338 2524 554 2610 ἐστρατήγεον
587 2523 624 2593 δέ
655 2526 783 2591 τούτων
811 2549 848 2592 τε
878 2525 934 2593 καὶ
963 2535 1024 2592 τοῦ
1051 2527 1241 2611 σύμπαντος

239 2640 381 2716 στρατοῦ
403 2640 463 2697 τοῦ
485 2634 583 2710 πεζοῦ
602 2632 797 2717 Μαρδόνιός
816 2655 851 2698 τε
869 2631 887 2699 6
906 2633 1070 2717 Γωβρύεω
1088 2630 1144 2698 καὶ
1165 2637 1241 2716 Τρι-

238 2741 435 2823 τανταίχμης
453 2737 471 2803 6
487 2735 690 2823 Ἀρταβάνου
703 2747 764 2803 τοῦ
777 2739 913 2822 γνώμην
926 2736 1072 2822 θεμένου
1086 2739 1129 2823 μή
1143 2755 1240 2824 στρα-

237 2846 394 2910 τεύεσθαι
417 2842 469 2910 ἐπὶ
490 2845 552 2928 τήν
570 2840 712 2909 Ἑλλάδα
730 2841 785 2909 καί
802 2842 1037 2929 Σμερδομένης
1056 2842 1074 2909 6
1090 2840 1239 2925 Ὀτάνεω,

238 2954 385 3037 Δαρείου
408 2949 588 3036 ἀμφότεροι
611 2945 704 3015 οὗτοι
728 2949 899 3033 ἀδελφεῶν
920 2951 1050 3032 παίδες,
1074 2947 1178 3036 Ξέρξη
1203 2946 1241 3014 δέ

239 3058 389 3140 ἐγίνοντο
421 3056 567 3140 ἀνεψιοί,
603 3053 658 3122 καὶ
689 3060 864 3138 Μασίστης
893 3054 911 3122 6
939 3058 1087 3141 Δαρείου
1118 3077 1154 3119 τε
1185 3053 1239 3120 καὶ

235 3160 389 3246 Ἀτόσσης
416 3173 492 3240 ταῖς
517 3159 573 3228 καί
599 3160 717 3247 Γέργις
745 3161 762 3228 ὁ
788 3158 937 3245 Ἀριάζου
963 3159 1018 3226 καί
1044 3162 1242 3244 Μεγάβυζος

185 3267 256 3334 836
285 3270 457 3352 Ζωπύρου.
507 3263 599 3333 οὗτοι
629 3263 716 3351 ήσαν
748 3265 925 3353 στρατηγοὶ
957 3275 1018 3332 τοῦ
1051 3267 1240 3352 σύμπαντος

238 3377 336 3451 πεζοῦ
366 3372 467 3458 χωρὶς
497 3385 564 3438 τῶν
596 3377 733 3459 μυρίων.
784 3384 852 3439 τῶν
883 3369 921 3440 δέ
952 3376 1081 3459 μυρίων
1111 3374 1240 3438 τούτων
1320 3383 1321 3429 ἒ

239 3477 397 3563 Περσέων
419 3490 486 3544 τῶν
509 3478 778 3564 ἀπολελεγμένων
796 3479 989 3566 ἐστρατήγεε
1007 3475 1068 3563 μέν
1082 3475 1240 3566 Ὑδάρνης
