2678 3970
424 263 492 318 ΜΒ.
512 262 572 318 V11.
609 264 862 321 offlano-17³.
1079 265 1142 330 221

144 408 207 493 πρὸ
234 416 292 492 τῆς
318 409 419 491 ἀλλης
440 404 598 484 Ἑλλάδος
624 406 770 491 μούνους
792 409 855 493 πρὸ
878 406 988 493 ὑμέων
1012 411 1066 475 δεῖ
1085 409 1145 474 ἀπ-

144 511 291 578 ολέσθαι.
334 511 492 596 βοηθέειν
515 510 552 578 δὲ
575 512 616 578 οὐ
638 515 837 597 βουλόμενοι
860 513 1042 600 ἀναγκαίην
1064 515 1144 600 ῆμίυ

144 618 302 704 οὐδεμίαν
331 611 400 684 οἷοί
418 618 456 685 τέ
476 619 548 684 ἐστε
574 617 790 703 προσφέρειν·
818 618 948 703 οὐδαμὰ
971 622 1037 711 γὰρ
1063 621 1143 686 ἀδυ-

142 727 260 807 νασίης
286 723 412 808 ἀνάγκη
439 723 589 810 κρέσσων
617 726 691 808 ἔφυ.
734 723 828 807 ῆμείς
855 719 892 789 δὲ
919 728 1143 810 πειρησόμεθα

143 831 242 897 αὐτοί
265 855 340 896 τινα
367 835 534 917 σωτηρίην
562 831 801 915 μηχανώμενοι.
844 839 946 896 ταῦτα
974 833 1088 914 έλεγον
1111 833 1147 896 οί

142 939 315 1002 Θεσσαλοί.
361 937 396 1002 οί
417 933 453 1020 δὲ
473 934 630 1018 Ἕλληνες
656 937 739 1022 πρὸς
764 945 866 1000 ταῦτα
894 937 1133 1019 ἐβουλεύσαντο
1146 960 1195 1008 173

143 1041 177 1119 ἐς
199 1045 385 1126 Θεσσαλίην
411 1041 550 1126 πέμπειν
576 1043 658 1106 κατὰ
684 1043 859 1107 θάλασσαν
881 1044 979 1122 πεζὸν
1002 1042 1143 1127 στρατὸν

143 1146 333 1232 φυλάξοντα
355 1148 416 1231 τῆν
440 1147 589 1230 ἐσβολήν.
626 1147 671 1224 ὡς
694 1144 731 1212 δέ
754 1145 938 1231 συνελέχθη
958 1147 977 1212 δ
996 1149 1142 1232 στρατός,

143 1257 236 1320 ἐπλεε
268 1251 312 1318 δι’
347 1253 506 1338 Εὐρίπου.
556 1252 753 1338 ἀπικόμενος
785 1249 821 1320 δέ
853 1264 910 1338 τῆς
937 1250 1080 1337 Ἀχαιίης
1110 1253 1143 1330 ἐς

143 1359 255 1442 Ἅλον,
275 1359 400 1442 ἀποβὰς
418 1358 591 1442 ἐπορεύετο
611 1357 644 1435 ἐς
662 1363 857 1443 Θεσσαλίην,
876 1361 933 1436 τάς
945 1358 1023 1436 νέας
1040 1358 1144 1424 αὐτοῦ

142 1465 340 1546 καταλιπών,
363 1461 418 1529 καὶ
440 1463 572 1530 ἀπίκετο
595 1463 629 1540 ἐς
650 1464 690 1528 τὰ
712 1464 840 1548 Τέμπεα
862 1464 895 1542 ἐς
916 1465 978 1548 τήν
1000 1466 1143 1548 ἐσβολήν

142 1574 164 1656 ῆ
186 1593 246 1657 περ
274 1569 337 1635 ἀπὸ
360 1570 574 1651 Μακεδονίης
595 1577 652 1651 τῆς
674 1568 761 1634 κάτω
784 1569 817 1646 ἐς
840 1573 1026 1653 Θεσσαλίην
1049 1569 1143 1656 φέρει

142 1678 231 1761 παρὰ
252 1675 401 1759 ποταμὸν
424 1677 582 1757 Πηνειόν,
606 1673 726 1758 μεταξὺ
749 1671 786 1740 δὲ
805 1672 969 1760 Ὀλύμπου
991 1699 1026 1741 τε
1049 1676 1143 1760 ὄρεος

143 1784 240 1850 ἐόντα
262 1779 317 1846 καὶ
337 1789 394 1864 τῆς
406 1778 536 1862 Ὄσσης.
577 1779 723 1845 ἐνθαῦτα
741 1780 1056 1862 ἐστρατοπεδεύοντο
1074 1793 1142 1846 τῶν

139 1886 307 1972 Ἑλλήνων
331 1887 412 1950 κατά
434 1887 574 1969 μυρίους
601 1885 730 1950 ὁπλῖται
752 1885 977 1970 συλλεγέντες,
1004 1890 1062 1952 καί
1082 1904 1142 1972 σφι

141 2003 271 2080 προσῆν
298 1992 319 2077 ῆ
347 1995 524 2057 Θεσσαλῶν
552 1991 657 2068 ἵππος.
703 1991 895 2077 ἐστρατήγεε
923 1990 959 2056 δὲ
982 1995 1142 2058 Λακεδαι-

143 2102 270 2185 μονίων
293 2093 353 2183 μὲν
371 2096 553 2172 Εὐαίνετος
575 2095 592 2161 ὁ
611 2099 771 2181 Καρήνου
790 2096 825 2162 ἐκ
843 2108 910 2162 τῶν
927 2098 1141 2182 πολεμάρχων

143 2202 373 2290 ἀραιρημένος,
387 2201 501 2285 γένεος
513 2200 626 2286 μέντοι
641 2201 704 2267 ἐὼν
720 2203 761 2267 οὐ
774 2211 835 2268 τοῦ
849 2205 1033 2287 βασιληίου,
1044 2201 1141 2287 Ἀθη-

142 2312 248 2374 ναίων
272 2304 308 2372 δέ
327 2306 563 2389 Θεμιστοκλέης
585 2305 603 2372 ὁ
622 2304 796 2382 Νεοκλέος.
827 2309 960 2390 ἔμειναν
979 2305 1016 2374 δέ
1029 2309 1142 2393 ὀλίγας

142 2412 266 2498 ἡμέρας
284 2411 441 2476 ἐνθαῦτα·
460 2411 651 2496 ἀπικόμενοι
664 2413 727 2496 γάρ
746 2412 879 2495 ἀγγελοι
892 2415 981 2500 παρὰ
996 2409 1141 2494 Ἀλεξάυ·

143 2522 229 2605 δρου
255 2526 315 2582 τοῦ
333 2513 497 2601 Ἀμύντεω
525 2518 646 2604 ἀνδρὸς
673 2520 870 2596 Μακεδόνος
897 2522 1141 2604 συνεβούλευόν

143 2642 206 2710 σφι
228 2623 498 2688 ἀπαλλάσσεσθαι
516 2621 599 2708 μηδὲ
617 2623 777 2709 μένοντας
796 2625 833 2690 ἐν
850 2634 890 2711 τῆ
909 2626 1028 2712 ἐσβολῆ
1046 2650 1141 2692 κατα-

143 2737 332 2815 πατηθῆναι
350 2728 414 2794 ὐπὸ
432 2738 493 2796 τοῦ
510 2738 653 2810 στρατοῦ
669 2739 729 2795 τοῦ
748 2730 907 2814 ἐπιόντος,
926 2734 1142 2816 σημαίνοντες

143 2838 181 2902 τὸ
203 2838 332 2920 πλῆθός
357 2858 392 2900 τε
414 2844 471 2919 τῆς
492 2841 645 2919 στρατιῆς
662 2833 717 2900 καὶ
735 2837 792 2912 τάς
809 2835 895 2913 νέας.
931 2837 976 2912 ὡς
994 2831 1031 2901 δὲ
1049 2831 1145 2902 οὗτοί

11 2994 17 3017 ,
144 2959 206 3026 σφι
235 2950 337 3006 ταῦτα
368 2941 612 3024 συνεβούλευον
644 2939 782 3025 (χρηστὰ
807 2942 871 3027 γάρ
899 2940 1034 3007 ἐδόκεον
1060 2957 1141 3025 συμ-

145 3048 328 3130 βουλεύειν,
350 3049 409 3112 καί
427 3063 488 3132 σφι
511 3047 627 3123 εὐνοος
649 3047 802 3131 ἐφαίνετο
825 3046 890 3112 ἐὼν
913 3046 931 3112 ὁ
949 3047 1141 3134 Μακεδών),

144 3153 327 3218 ἐπείθοντο.
374 3151 501 3218 δοκέειν
535 3151 574 3217 δέ
603 3175 674 3236 μοι,
706 3150 852 3235 ἀρρωδίη
875 3147 918 3235 ῆν
944 3153 982 3217 τὸ
1009 3159 1140 3236 πείθου,
1194 3181 1197 3190 ·

144 3257 189 3334 ὡς
211 3256 377 3322 ἐπύθοντο
399 3254 454 3321 καὶ
477 3257 580 3340 ἀλλην
603 3256 724 3322 ἐοῦσαν
743 3255 884 3339 ἐσβολήν
903 3255 936 3333 ἐς
954 3261 1142 3336 Θεσσαλοὺς

144 3365 225 3428 κατὰ
241 3365 301 3447 τῆν
319 3365 388 3429 ἀνω
402 3364 618 3446 Μακεδονίην
632 3363 687 3426 διδι
701 3365 900 3448 Περραιβῶν
917 3365 998 3430 κατὰ
1011 3367 1141 3432 Γόννον

143 3470 255 3551 πόλιν,
283 3477 321 3555 τῆ
348 3491 409 3552 περ
439 3468 480 3551 δή
507 3465 562 3532 καὶ
589 3466 721 3551 ἐσέβαλε
748 3467 769 3552 ῆ
796 3471 930 3554 στρατιή
957 3467 978 3552 ῆ
1005 3470 1141 3557 Ξέρξεω.

1 1943 18 1982 θ
