2678 3968
404 259 471 314 ΜΒ.
486 259 543 314 v11.
582 260 834 316 cmm-218.
1056 260 1119 326 241

122 405 295 484 Μηλιεῦσι.
333 404 398 486 ἔχει
421 399 458 468 δέ
481 398 545 468 ὧδε
567 403 588 486 ἡ
611 403 753 487 ἀτραπὸς
776 405 871 488 αὕτη·
895 405 1027 489 ἀρχεται
1049 403 1113 490 μὲν
1123 425 1175 476 216

121 507 185 572 ἀπὸ
207 517 267 573 τοῦ
283 503 432 574 Ἀσωποῦ
455 518 603 592 ποταμοῦ
626 519 686 574 τοῦ
710 510 764 574 διά
786 518 844 592 τῆς
866 511 1050 596 διασφάγος
1072 511 1121 596 ῥέ-

121 635 232 696 οντος,
256 614 383 699 ούνομα
403 611 439 680 δὲ
457 623 502 703 τῷ
522 617 595 701 όρει·
610 616 715 701 τούτῳ
734 613 789 679 καὶ
807 624 847 700 τῇ
865 615 996 703 ἀτραπῷ
1015 617 1121 682 τώυτὸ

120 716 236 802 κέεται,
252 717 421 785 Ἀνόπαια·
443 724 544 786 τείνει
563 717 599 786 δέ
616 721 637 805 ἡ
654 715 808 786 Ἀνόπαια
827 721 908 803 αὕτη
927 721 1008 786 κατὰ
1026 720 1122 806 βάχιν

119 833 181 889 τού
202 827 309 908 όρεος,
332 829 426 910 ληγει
449 823 486 892 δδ
507 828 589 891 κατά
610 849 645 892 τε
664 823 826 910 Ἀλπηνὸν
852 829 966 909 πόλιν,
989 827 1122 912 πρώτην

120 930 241 995 έοῦσαν
263 942 330 996 τῶν
353 934 528 1018 Λοκρίδων
551 933 633 1016 πρὸς
656 933 748 1016 [τῶν]
772 930 941 1016 Μηλιέων,
964 929 1122 996 καὶκατὰ

120 1038 347 1120 Μελαμπύγου
364 1061 399 1103 τε
416 1040 615 1123 καλεόμενον
638 1041 737 1102 λίθον
755 1035 810 1102 καὶ
831 1039 912 1102 κατά
933 1038 1122 1122 Κερκώπων

120 1141 231 1226 ἕδρας,
261 1152 300 1228 τη
326 1142 381 1210 καί
407 1147 444 1210 τὸ
472 1147 680 1210 στεινότατον
709 1144 786 1210 ἐστι.
818 1148 899 1211 κατά
920 1146 1044 1228 ταύτην
1072 1146 1111 1229 δὴ
1122 1163 1170 1214 217

5 1283 6 1314 ι
119 1249 180 1332 τὴν
202 1248 348 1334 ἀτραπὸν
366 1246 420 1313 καὶ
438 1249 524 1315 οὕτω
543 1252 685 1333 ἔχουσαν
704 1249 739 1314 ολ
755 1247 881 1336 Πέρσαι
899 1251 958 1316 τὸν
973 1247 1121 1314 Ἀσωπὸν

5 1383 6 1426 1
120 1354 292 1438 διαβάντες
315 1353 511 1439 ἐπορεύοντο
534 1364 642 1420 πᾶσαν
664 1356 725 1438 τὴν
748 1357 864 1439 νύκτα,
889 1355 925 1421 ἐν
949 1354 1038 1438 δεξιῇ
1061 1351 1121 1439 μὲν

120 1464 248 1544 ἔχοντες
267 1461 345 1545 όρεα
363 1461 403 1524 τά
414 1452 572 1542 ΙΟίταίων,
592 1460 636 1544 έν
647 1460 806 1546 ἀριστερῇ·
820 1458 857 1526 δὲ
870 1463 910 1526 τά
927 1464 1120 1545 Τρηχινίων.

118 1567 185 1649 ἠύς
210 1587 244 1631 τε
273 1567 313 1650 δὴ
342 1566 491 1649 διέφαινε
517 1563 572 1629 καὶ
600 1569 635 1630 οἳ
660 1564 813 1649 ἐγένοντο
845 1562 895 1632 ἐπ’
929 1565 1120 1652 ἀκρωτηρίῳ

118 1681 179 1737 τού
208 1673 310 1754 όρεος.
342 1673 423 1736 κατά
451 1667 486 1736 δὲ
515 1678 612 1734 τοῦτο
638 1679 698 1734 τοῦ
726 1672 820 1754 όρεος
842 1669 1047 1755 ἐφύλασσον,
1077 1671 1121 1747 ὡς

5 1795 7 1860 g
119 1776 172 1842 καὶ
208 1780 370 1864 πρότερόν
403 1799 459 1860 μοι
491 1781 630 1861 είρηται,
670 1776 813 1842 Φωκέων
849 1780 949 1861 χίλιοι
981 1776 1120 1860 ὁπλῖται,

5 1917 23 1966 ι,
121 1877 280 1968 ῥυόμενοί
293 1906 328 1947 τε
346 1883 407 1965 τὴν
426 1881 589 1966 σφετέρην
611 1881 723 1966 χώρην
745 1879 799 1946 καλ
822 1879 1043 1967 φρουρέοντες
1059 1883 1121 1966 τὴν

119 1990 275 2071 ἀτραπόν.
304 1988 325 2072 ἡ
349 1985 409 2073 μέν
427 1990 490 2072 γάρ
508 1987 594 2052 κάτω
613 1986 733 2070 ἐσβολὴ
752 1987 953 2070 έφυλάσσετο
971 1987 1035 2053 ὑπὸ
1053 1999 1121 2054 τῶν

120 2102 259 2181 είρηται·
281 2095 342 2179 τὴν
366 2091 403 2160 δὲ
427 2096 481 2159 διά
499 2101 560 2158 τοῦ
577 2094 672 2176 όρεος
690 2092 836 2177 ἀτραπὸν
854 2090 1027 2157 ἐθελονταὶ
1047 2097 1120 2158 Φω-

119 2199 190 2278 κέες
223 2199 460 2285 ὑποδεξάμενοι
496 2199 648 2284 Λεωνίδη
681 2198 878 2282 ἐφύλασσον.
915 2201 1043 2282 ἔμαθον
1075 2197 1114 2265 δέ
1121 2220 1174 2271 21ss

120 2323 223 2390 σφεας
245 2307 280 2371 οί
298 2305 426 2382 Φωκέες
444 2300 508 2371 ὧδε
527 2304 782 2388 ἀναβεβηκότας·
805 2303 1039 2387 ἀναβαίνοντες
1056 2307 1119 2391 γάρ

120 2413 308 2478 ε’λάνδανον
326 2411 362 2478 οί
377 2411 504 2495 Πέρσαι
521 2412 559 2475 τὸ
578 2411 655 2495 όρος
672 2418 738 2474 πᾶν
752 2409 808 2475 ἐὸν
831 2409 943 2492 δρυῶν
957 2410 1119 2487 ἐπίπλεον,

119 2515 162 2602 ἦν
185 2514 245 2603 μέν
269 2519 309 2602 δη
332 2521 484 2602 νηνεμίη,
512 2519 625 2600 ψόφου
649 2512 686 2580 δὲ
707 2514 885 2600 γινομένου
908 2521 1048 2602 πολλοῦ,
1077 2519 1121 2595 ὡς

120 2625 209 2701 οἰκὸς
235 2619 277 2707 ἦν
305 2625 442 2708 φύλλων
471 2620 724 2706 ὑποκεχυμένων
746 2621 810 2686 ὑπὸ
833 2631 919 2686 τοῖσι
941 2626 1033 2705 ποσί,
1057 2623 1120 2687 ἀνά

118 2754 153 2796 τε
176 2731 320 2817 ἔδραμον
343 2730 379 2795 οί
400 2727 528 2804 Φωκέες
549 2725 603 2792 καὶ
626 2725 784 2792 ἐνέδυνον
806 2728 846 2790 τά
869 2727 963 2811 ὅπλα,
985 2726 1040 2792 καὶ
1063 2727 1120 2792 αύ-

9 2895 18 2936 t
118 2840 191 2902 τίκα
210 2837 245 2902 οί
264 2836 426 2921 βάρβαροι
443 2843 603 2918 παρῆσαν.
635 2833 679 2909 ὡς
698 2828 734 2897 δέ
753 2827 844 2897 εἶδον
863 2831 987 2914 ἀνδρας
1005 2831 1120 2897 ένδυο-

9 2936 26 2958 ”
120 2943 240 3026 μένους
253 2943 347 3024 όπλα,
367 2939 403 3005 ἐν
416 2940 546 3024 δώματι
561 2937 729 3022 ἐγένοντο·
749 2937 922 3022 ἐλπόμενοι
940 2939 1003 3020 γάρ
1020 2936 1121 3002 οὐδέν

120 3066 180 3134 σφι
199 3052 408 3135 φανήσεσθαι
422 3045 574 3124 ἀντίξοον
593 3045 796 3128 ἐνεκύρησαν
815 3051 951 3130 στρατῷ.
973 3042 1120 3109 ἐνθαῦτα

115 3152 273 3239 ’Τδάρνης
299 3154 553 3238 καταρρωδήσας
578 3151 621 3234 μὴ
645 3150 680 3214 οί
702 3147 830 3225 Φωκέες
859 3150 937 3212 έωσι
959 3150 1120 3215 Λακεδαι-

120 3263 241 3346 μόνιοι,
262 3268 365 3344 εἴρετο
377 3255 551 3339 Ἐπιάλτην
570 3255 736 3332 ὁποδαπὸς
750 3253 834 3338 εἴηὸ
854 3255 1000 3338 στρατός,
1014 3259 1120 3322 πυθό-

120 3390 219 3452 μενος
242 3364 278 3432 δέ
296 3364 454 3452 ἀτρεκέως
477 3361 625 3428 διέτασσε
642 3363 721 3438 τοὺς
739 3358 870 3444 Πέρσας
889 3359 933 3436 ὡς
953 3359 986 3437 ές
1003 3361 1118 3446 μάχην.

121 3474 156 3539 οί
180 3469 217 3538 δὲ
242 3470 370 3548 Φωκέες
392 3470 436 3546 ὠς
459 3469 634 3552 ἐβάλλοντο
657 3477 743 3532 τοῖσι
769 3465 942 3550 τοξεύμασι
968 3471 1123 3532 πολλοῖσί

172 3585 196 3626 11
197 3595 267 3626 nnnnn
281 3586 312 3626 IL
876 3573 907 3624 16
