2640 3960
426 233 494 287 LIB.
510 235 556 289 VI.
589 233 666 289 CAP.
685 240 770 288 3-8.
1063 235 1105 298 69

99 381 209 444 ἔπεισε
232 381 397 462 Λεσβίους
425 379 548 443 δοῦναί
572 377 607 443 οί
631 377 715 454 νέας.
760 377 797 444 οί
818 375 854 442 δὲ
876 379 1106 462 πληρώσαντες

96 485 183 550 ὀκτὼ
208 486 360 569 τριήρεας
383 486 501 549 ἔπλεον
523 485 589 568 ἅμα
607 479 748 570 Ἱστιαίῳ
773 483 806 559 ἐς
828 484 1025 566 Βυζάντιον,
1054 483 1070 548 ἑ
1091 523 1105 533 ·

96 597 209 655 θαῦτα
232 586 270 654 δὲ
295 591 437 674 ίζόμενοι
460 591 518 665 τάς
537 589 574 654 ἐκ
591 598 652 654 τοῦ
670 591 805 654 Πόντου
825 588 1022 664 ἐκπλεούσας
1039 600 1106 653 τῶν

97 706 185 762 νεῶν
210 695 413 779 ἐλάμβανον,
435 697 521 778 πλήν
543 695 564 778 ή
587 695 661 760 ὅσοι
684 695 795 758 αὐτῶν
813 691 953 781 Ἱστιαίῳ
978 697 1106 778 ἔφασαν

99 801 226 886 ἕτοιμοι
249 796 335 866 είναι
357 805 543 866 πείθεσθαι.

183 904 335 983 Ἱστιαῖος
356 907 417 990 μέν
438 930 503 972 νυν
525 905 579 973 καλ
597 912 821 990 Μυτιληναῖοι
842 905 1105 994 ἐποίευντοιῦτα·
1120 929 1141 978 ο

98 1011 152 1078 ἐπὶ
180 1010 218 1078 δὲ
241 1015 396 1094 Μίλητον
423 1013 527 1095 αὐτήν
554 1015 708 1088 ναυτικὸς
730 1013 851 1088 πολλὸς
872 1009 927 1076 καὶ
949 1013 1042 1089 πεζὸς
1064 1006 1107 1093 ήν

97 1119 238 1203 στρατὸς
260 1119 494 1202 προσδόκιμος·
522 1117 767 1202 συστραφέντες
789 1119 852 1200 γάρ
875 1118 911 1182 οί
930 1115 1108 1202 στρατηγοὶ

98 1235 166 1288 τῶν
187 1224 346 1307 Περσέων
368 1221 423 1288 καὶ
446 1225 483 1289 ἓν
505 1227 700 1307 ποιήσαντες
719 1225 943 1308 στρατόπεδον
960 1225 1107 1306 ήλαυνον

102 1329 151 1398 ἐπί
184 1331 245 1412 τήν
270 1333 440 1412 Μίλητον,
473 1325 574 1394 τᾶλλα
608 1334 792 1414 πολίσματα
823 1327 898 1414 περὶ
930 1329 1108 1404 ἐλάσσονος

98 1435 326 1518 ποιησάμενοι.
366 1444 428 1501 τοῦ
446 1431 483 1500 δὲ
500 1446 659 1502 ναυτικοῦ
676 1440 828 1512 Φοίνικες
846 1431 906 1519 μὲν
923 1432 1010 1519 ἦσαν
1026 1456 1107 1520 προ

98 1543 298 1624 δυμότατοι,
331 1542 630 1625 συνεστρατεύοντο
663 1539 700 1608 δὲ
731 1541 787 1607 καὶ
812 1542 959 1626 Κύπριοι
989 1539 1108 1606 νεωστί

99 1645 379 1730 κατεστραμμένοι
401 1645 456 1712 καὶ
479 1646 610 1725 Κίλικές
631 1671 667 1712 τε
688 1647 743 1712 καὶ
761 1649 946 1730 Αἰγύπτιοι.
992 1648 1028 1712 οί
1047 1641 1141 1730 μὲντ

101 1754 141 1835 δὴ
161 1751 214 1818 ἐπὶ
232 1753 293 1834 τήν
306 1756 462 1836 Μίλητον
480 1750 535 1818 καὶ
552 1754 613 1835 τήν
632 1754 736 1836 άλλην
752 1748 881 1835 Ἰωνίην
900 1752 1107 1837 ἐστράτευον,

102 1857 216 1934 Ἴωνες
249 1854 286 1922 δὲ
317 1860 569 1941 πυνθανόμενοι
596 1867 699 1924 ταῦτα
726 1861 871 1942 ἔπεμπον
899 1858 1108 1942 προβούλους

101 1963 216 2049 σφέων
239 1963 349 2028 αὐτῶν
366 1963 401 2039 ἐς
420 1964 623 2029 Πανιώνιον.
660 1963 887 2048 ἀπικομένοισι
905 1961 943 2030 δὲ
961 1965 1108 2029 τούτοισι

102 2070 134 2146 ἐς
161 2077 282 2134 τοῦτον
302 2069 363 2134 τὸν
386 2079 496 2154 χῶρον
516 2067 573 2133 καί
596 2070 869 2155 βουλευομένοισι
896 2067 988 2147 ἔδοξε
1009 2070 1107 2146 πεζὸν

101 2173 161 2260 μὲν
185 2175 326 2256 στρατὸν
348 2175 391 2258 μή
414 2173 587 2257 συλλέγειν
609 2175 761 2253 ἀντίξοον
780 2175 939 2260 Πέρσησι,
963 2174 1047 2240 άλλά
1068 2176 1108 2239 τὰ

100 2284 207 2365 τείχεα
226 2280 368 2361 ῥύεσθαι
387 2279 508 2356 αὐτοὺς
525 2284 723 2364 Μιλησίους,
741 2283 779 2346 τὸ
799 2279 836 2347 δὲ
853 2281 1010 2346 ναυτικὸν
1027 2286 1107 2362 πλη-

101 2396 185 2470 ροῦν
208 2384 473 2470 ὑπολιπομένους
491 2387 651 2470 μηδεμίαν
669 2399 735 2452 τῶν
753 2399 849 2471 νεών,
873 2387 1108 2472 πληρώσαντας

101 2490 139 2558 δὲ
160 2489 382 2574 συλλέγεσθαι
408 2493 469 2575 τήν
498 2496 654 2576 ταχίστην
682 2494 715 2569 ἐς
737 2494 855 2576 Λάδην
877 2496 1108 2580 προναυμαχή-

101 2615 221 2674 σοντας
239 2599 407 2680 Μιλήτου·
429 2597 450 2680 ή
474 2595 511 2662 δὲ
529 2599 624 2682 Λάδη
649 2597 718 2666 ἐστὶ
739 2609 840 2683 νήσος
859 2599 978 2684 σμικρή
998 2596 1050 2662 ἐπὶ
1067 2605 1106 2680 τῇ

100 2707 177 2770 πόλι
204 2712 243 2788 τῇ
265 2705 443 2785 Μιλησίων
466 2704 606 2788 κειμένη.
652 2707 732 2789 μετὰ
755 2702 916 2770 δὲταῦτα
937 2708 1142 2787 πεπληρω-ει

100 2810 219 2895 μένῃσι
241 2817 315 2894 τῇσι
337 2807 437 2892 νηυσὶ
459 2820 610 2894 παρῆσαν
634 2812 668 2876 οί
679 2809 803 2893 Ἴωνες,
827 2813 890 2874 σὺν
914 2807 952 2873 δέ
969 2823 1029 2890 σφι
1051 2805 1106 2872 καλ

100 2914 253 2982 Αἰολέων
280 2918 317 2980 οἳ
336 2913 469 2998 Λέσβον
495 2914 664 2999 νέμονται·
697 2916 873 2982 ἐτάσσοντο
896 2910 934 2978 δὲ
962 2907 1038 2976 ώδε·
1069 2914 1106 2976 τὸ

100 3019 161 3106 μὲν
193 3022 276 3105 πρὸς
302 3021 363 3104 τήν
388 3021 437 3103 ήώ
464 3015 555 3105 είχον
581 3021 679 3106 κόρας
705 3018 800 3086 αὐτοὶ
822 3020 998 3100 Μιλήσιοι,
1029 3017 1107 3094 νέας

99 3129 321 3211 παρεχόμενοι
348 3127 552 3210 ὀγδώκοντα·
583 3133 712 3210 είχοντο
736 3122 773 3191 δὲ
795 3125 922 3190 τούτων
946 3123 1107 3208 Πριηνέες

101 3234 254 3299 δυώδεκα
276 3230 377 3315 νηυσὶ
398 3230 454 3298 καί
470 3235 621 3315 Μυήσιοι
643 3229 730 3318 τρισί
753 3232 861 3313 νηυσί,
884 3232 1051 3312 Μυησίων
1070 3227 1107 3296 δὲ

104 3342 199 3422 Τήιοι
232 3344 360 3422 είχοντο
386 3336 601 3404 ἑπτακαίδεκα
627 3339 741 3420 νηυσί,
778 3339 887 3419 Τηίων
915 3332 952 3402 δὲ
977 3342 1106 3421 είχοντο

101 3449 177 3512 Χῖοι
208 3444 326 3512 ἑκατὸν
356 3447 470 3528 νηυσί·
505 3445 588 3528 πρὸς
619 3439 657 3507 δὲ
682 3443 828 3508 τούτοισι
852 3439 1049 3528 Ἐρυθραῖοί
1071 3465 1107 3508 τε
