2678 3970
415 255 481 312 ΜΒ,
495 255 554 312 vlL
591 257 845 314 mmm-125.
1074 257 1138 321 193

134 397 212 476 νέας
237 421 273 466 τε
299 395 355 465 καὶ
381 400 537 485 στρατιήν
559 401 789 486 παρελάμβανε
816 402 853 468 ἐκ
880 404 1063 484 Ποτιδαίης
1084 397 1139 466 καὶ

131 501 285 589 Ἀφύτιος
307 503 362 572 καὶ
380 506 471 590 Νέης
492 511 607 584 πόλιος
628 505 683 572 καὶ
701 509 807 592 Αίγής
829 505 884 572 καὶ
907 509 1066 593 Θεράμβω
1084 504 1140 573 καὶ

133 613 288 696 Σκιώνης
313 610 369 677 καὶ
395 611 534 696 Μένδης
560 611 615 678 καὶ
642 614 770 696 Σάνης·
801 609 897 679 αὗται
923 615 987 699 γάρ
1015 616 1078 679 είσι
1106 614 1143 678 αί

133 717 195 802 τήν
217 727 282 784 νῦν
300 722 494 802 Παλλήνην,
517 721 681 806 πρότερον
704 716 742 786 δέ
762 720 915 805 Φλέγρην
937 721 1140 806 καλεομένην

134 827 320 909 νεμόμεναι.
352 825 551 911 παραπλέων
570 822 607 892 δὲ
625 824 680 891 καὶ
698 827 822 910 ταύτην
840 828 901 910 τήν
919 828 1031 911 χώρην
1047 829 1139 891 ἔπλεε

6 941 8 960 '
134 930 168 1007 ἐς
194 931 232 996 τὸ
260 932 515 1017 προειρημένον,
544 933 812 1018 παραλαμβάνων
840 933 996 1015 στρατιήν
1022 929 1077 996 καλ
1105 931 1140 996 ἐκ

134 1046 202 1100 τῶν
223 1037 414 1122 προσεχέων
436 1040 564 1104 πολίων
580 1047 620 1123 τῇ
640 1041 812 1124 Παλλήνη,
831 1036 1085 1122 ὁμουρεουσέων
1103 1035 1140 1102 δὲ

133 1149 181 1230 τῷ
198 1146 352 1232 Θερμαίῳ
370 1146 493 1230 κόλπῳ,
511 1151 586 1228 τῇσι
605 1143 772 1228 οὐνόματά
790 1144 859 1209 ἐστι
876 1144 965 1225 τάδε,
983 1143 1139 1227 Λίπαξος,

134 1249 328 1335 Κώμβρεια,
356 1253 472 1332 Λισαί,
501 1252 665 1333 Γίγωνος,
693 1251 833 1335 Κάμψα,
860 1253 986 1334 Σμίλα,
1013 1256 1139 1316 Αἴνεια.

133 1354 155 1438 ή
179 1351 216 1420 δέ
238 1356 367 1420 τούτων
389 1356 479 1440 χώρη
498 1358 670 1440 Κροσσαίη
694 1358 742 1420 ἐτι
760 1353 815 1421 καλ
839 1356 872 1432 ἐς
889 1357 965 1422 τόδε
983 1356 1139 1421 καλέεται.

134 1461 199 1526 άπὸ
218 1456 256 1526 δέ
269 1463 415 1544 Αἰνείης,
435 1461 469 1538 ἐς
485 1461 547 1545 τήν
566 1461 743 1526 ἐτελεύτων
761 1461 950 1544 καταλέγων
964 1462 1022 1538 τὰς
1035 1465 1139 1545 πόλις,

134 1567 198 1633 άπὸ
220 1567 341 1650 ταύτης
362 1567 426 1650 ήδη
446 1567 479 1644 ἐς
497 1567 600 1633 αὐτόν
617 1590 653 1632 τε
670 1567 730 1632 τὸν
749 1571 914 1653 Θερμαῖον
932 1571 1056 1633 κόλπον
1075 1567 1140 1652 ἐγί-

134 1695 210 1739 νετο
232 1679 277 1761 τῷ
300 1680 444 1761 ναυτικῷ
468 1681 595 1761 στρατῷ
616 1672 633 1738 ὁ
651 1675 753 1749 πλόος
770 1671 824 1738 καὶ
842 1681 906 1756 γήν
924 1674 984 1757 τήν
1001 1674 1138 1756 Μυγδο-

134 1783 222 1863 νίην,
240 1778 351 1845 πλέων
370 1776 408 1845 δέ
425 1777 557 1844 άπίκετο
576 1781 610 1857 ές
622 1802 658 1844 τε
675 1780 737 1863 τήν
750 1778 994 1866 προειρημένην
1007 1779 1140 1864 Θέρμην

135 1883 191 1952 καὶ
217 1887 346 1951 Σίνδον
373 1907 409 1950 τε
439 1887 538 1951 πόλιν
568 1882 624 1950 καὶ
650 1884 843 1971 Χαλέστρην
871 1883 923 1952 ἐπὶ
949 1887 1008 1951 τὸν
1026 1884 1140 1963 ’Ἄξιον

135 1994 294 2076 ποταμόν,
314 1992 350 2068 ὃς
368 1991 492 2076 οὐρίζει
509 1991 621 2076 χώρην
638 1992 700 2075 τὴν
715 1992 917 2075 Μυγδονίην
932 2015 967 2057 τε
984 1989 1039 2057 καὶ
1057 1996 1139 2056 Βοτ-

135 2099 269 2180 τιαιίδα,
287 2105 345 2180 τῆς
363 2099 476 2181 ἔχουσι
493 2097 531 2162 τὸ
549 2096 637 2178 παρδι
654 2096 841 2180 θάλασσαν,
860 2099 991 2162 στεινὸν
1004 2101 1138 2184 χωρίον,

135 2206 248 2280 πόλιες
270 2201 377 2288 Ἴχναι
398 2225 433 2268 τε
455 2200 511 2267 καὶ
534 2202 654 2267 Πέλλα.

219 2304 254 2374 Ὁ
280 2305 341 2392 μέν
374 2309 414 2392 δή
442 2308 597 2384 ναυτικὸς
624 2308 762 2394 στρατὸς
789 2307 892 2374 αὐτοῦ
918 2307 994 2394 περὶ
1016 2309 1130 2388 ’Ἀξιον
1141 2326 1191 2374 124

135 2415 284 2498 ποταμὸν
317 2411 373 2479 καί
403 2414 502 2478 πόλιν
533 2411 666 2498 Θέρμην
696 2410 751 2479 καὶ
781 2415 840 2490 τὰς
873 2415 993 2498 μεταξὺ
1024 2419 1140 2492 πόλιας

134 2521 263 2587 τούτων
293 2517 479 2604 περιμένων
510 2516 647 2602 βασιλέα
677 2518 986 2604 ἐστρατοπεδεύετο,
1017 2520 1140 2606 Ξέρξης

135 2623 174 2693 δέ
204 2623 260 2692 καί
285 2625 305 2692 ὁ
331 2625 425 2702 πεζὸς
459 2625 596 2710 στρατὸς
625 2623 799 2709 ἐπορεύετο
831 2625 867 2690 ἐκ
892 2633 950 2709 τῆς
973 2620 1139 2692 Ἀκάνθου

134 2736 196 2818 τήν
222 2734 402 2818 μεσόγαιαν
423 2731 557 2817 τάμνων
584 2739 641 2814 τῆς
663 2729 760 2814 ὁδοῦ,
788 2734 991 2814 βουλόμενος
1018 2731 1051 2807 ἐς
1077 2732 1138 2815 τήν

135 2837 270 2926 Θέρμην
295 2836 481 2904 ἀπικέσθαι.
526 2836 700 2922 ἐπορεύετο
729 2833 766 2902 δὲ
793 2838 849 2902 διὰ
874 2845 933 2920 της
957 2841 1139 2921 Παιονικῆς

3 2933 18 2962 ’
135 2944 189 3011 καὶ
207 2948 444 3030 Κρηστωνικῆς
466 2940 519 3008 ἐπὶ
541 2944 690 3027 ποταμὸν
706 2938 912 3028 Ἐχείδωρου,
937 2940 973 3018 ὃς
995 2942 1031 3006 ἐκ
1048 2945 1138 3025 Κρη-

135 3054 307 3117 στωναίων
339 3049 519 3135 ἀρξάμενος
542 3047 609 3132 ῥέει
637 3049 694 3114 διδι
722 3050 922 3132 Μυγδονίης
948 3048 1058 3133 χώρης
1083 3046 1137 3112 καλ

135 3157 214 3236 ἐξιεῖ
242 3158 331 3242 παρὰ
361 3157 399 3221 τὸ
431 3155 506 3231 ἕλος
531 3156 569 3219 τὸ
597 3151 647 3220 ἐπ’
674 3151 768 3242 Ἀξίμ
799 3155 945 3241 ποταμῷ.
989 3173 1128 3236 πορευο-
1140 3170 1190 3220 125

134 3262 222 3350 μένῳ
256 3259 294 3328 δὲ
324 3262 425 3348 ταύτη
454 3258 584 3336 λέοντές
611 3259 647 3324 οί
672 3258 875 3342 ἐπεθήκαντο
901 3266 977 3344 τήσι
1004 3261 1137 3344 σιτοφό-

135 3386 223 3450 ροισι
254 3369 440 3451 καμήλοισι·
472 3362 744 3449 καταφοιτέοντες
774 3366 837 3447 γδιρ
865 3364 901 3430 οί
925 3363 1055 3443 λέοντες
1080 3367 1138 3443 τάς

135 3476 255 3551 νύκτας
289 3469 345 3538 καὶ
380 3475 548 3547 λείποντες
578 3470 618 3534 τὰ
647 3467 788 3554 σφέτερα
816 3471 903 3553 ήθεα
939 3471 1042 3536 άλλου
1075 3469 1136 3555 μὲν

186 3588 281 3629 Enon.
293 3586 326 3627 11.
891 3579 923 3626 1³
