2572 3980
425 832 728 910 ΗΡΟΔΟΤΟΎ

549 987 607 1028 ΤΟΥ

108 1091 528 1158 ΑΔΙΚΑΡΝΗΣΣΕΟΣ
558 1093 799 1162 ΙΣΤΟΡΙΩΝ
826 1095 1038 1162 ΠΕΜΠΤΗ

313 1235 603 1287 Επιτνιοοιιωαω
620 1237 840 1290 ΤωΡΨιΧοΡΗ.
1050 1231 1054 1240 ’

160 1479 205 1545 ΟΙ
219 1481 276 1546 ΔΕ
291 1481 327 1546 έν
341 1489 379 1566 τῇ
395 1481 538 1567 Εὐρώπῃ
552 1493 618 1548 τῶν
633 1482 791 1568 Περσέων
804 1482 1081 1568 καταλειφθέντες
1098 1509 1115 1558 1

72 1586 138 1650 ὑπὸ
168 1589 330 1671 Δαρείου,
358 1599 424 1653 τῶν
455 1589 472 1654 ὁ
500 1590 694 1672 Μεγάβαζος
721 1585 814 1675 ἦρχε,
843 1592 992 1674 πρώτους
1019 1587 1081 1673 μέν

73 1697 282 1776 Περινθίους
300 1691 565 1777 Ἑλλησποντίων
594 1695 635 1758 οὐ
663 1695 887 1778 βουλομένους
913 1697 1105 1778 ὑπηκόους·

73 1794 162 1863 εἶναι
185 1803 333 1880 Δαρείου
354 1799 632 1886 κατεστρέψαντο,
655 1799 896 1886 περιεφθέντας
918 1801 1101 1888 πρότερον

73 1904 131 1969 καὶ
148 1905 214 1969 ὑπὸ
234 1908 391 1979 Παιόνων
410 1895 562 1992 τρηχέως.
603 1907 638 1971 οἱ
654 1909 717 1990 γὰρ
737 1903 784 1971 ὧν
803 1905 865 1971 ἀπὸ
884 1910 1082 1991 Στρυμόνος

75 2014 222 2087 Παίονες
243 2015 426 2096 χρήσαντος
448 2022 508 2078 τοῦ
526 2020 611 2078 θεοῦ
630 2013 869 2097 στρατεύεσθαι
888 2011 941 2077 ἐπὶ
959 2018 1083 2096 Περιν-

75 2121 187 2198 θίους,
204 2116 260 2181 καὶ
278 2117 320 2200 ἢν
338 2117 399 2201 μέν
414 2119 692 2204 ἀντικατιζόμενοι
707 2117 966 2184 έπικαλέσωνταί
977 2134 1083 2200 σφεας

76 2225 112 2288 οί
133 2226 312 2306 Περίνθιοι
336 2224 493 2308 ὀνομαστὶ
516 2227 693 2308 βώσαντες,
716 2226 794 2300 τοὺς
818 2221 855 2288 δέ
878 2223 1082 2308 ἐπιχειρέειν,

77 2329 118 2412 ἢν
154 2327 191 2395 δὲ
222 2332 266 2414 μὴ
299 2331 537 2414 ἐπιβώσωνται,
570 2333 613 2416 μὴ
646 2329 852 2415 ἐπιχειρέειν,
887 2330 1017 2396 ἐποίεον
1049 2332 1086 2397 οί

79 2439 223 2513 Παίονες
249 2441 360 2501 ταῦτα.
410 2435 705 2521 ἀντικατιζομένων
733 2433 770 2500 δὲ
796 2447 863 2501 τών
887 2440 1082 2523 Περινθίων

78 2541 114 2606 έν
148 2549 192 2628 τῷ
221 2545 420 2630 προαστείῳ,
453 2543 600 2608 ἐνθαῦτα
627 2547 833 2627 μουνομαχίη
861 2546 1018 2628 τριφασίη
1047 2543 1084 2608 έκ

77 2633 276 2732 προκλήσιός
308 2667 368 2732 σφι
400 2648 543 2732 ἐγένετο·
579 2647 634 2712 καὶ
665 2650 727 2732 γὰρ
759 2637 866 2732 ἄνδρα
898 2647 996 2733 ἀνδρὶ
1027 2647 1083 2714 καὶ

78 2754 178 2819 ἵππον
205 2755 293 2842 ’ίππφ
321 2756 506 2839 συνέβαλον
537 2752 592 2818 καὶ
614 2755 699 2818 κύνα
721 2759 806 2821 κυνί.
851 2756 1021 2819 νικώντων
1045 2751 1083 2817 δὲ

77 2861 116 2924 τὰ
144 2861 206 2924 δύο
233 2869 301 2924 τών
328 2864 537 2945 Περινθίων,
566 2860 611 2936 ώς
638 2860 832 2938 ἐπαιώνιζον
859 2862 1083 2943 κεχαρηκότες,

78 2967 301 3049 συνεβάλοντο
334 2967 370 3032 οί
395 2953 539 3042 Παίονες
570 2967 607 3030 τὸ
640 2968 839 3052 χρηστήριον
872 2964 952 3028 αὐτὸ
984 2973 1083 3030 τοῦτο

79 3067 241 3138 εἶναικαὶ
264 3067 358 3136 εῖπών
381 3095 442 3137 κου
464 3073 552 3155 παρὰ
575 3075 670 3154 σφίσι
693 3072 835 3135 αὐτοῖσι·
867 3073 945 3134 Νῦν
968 3067 1009 3134 ἂν
1033 3075 1084 3154 είη

80 3179 96 3244 ὁ
118 3179 266 3264 χρησμὸς
288 3178 535 3262 ἐπιτελεόμενος.
552 3177 641 3261 ἡμῖν,
660 3185 724 3241 νῦν
742 3175 901 3260 ἡμέτερον
918 3177 955 3240 τὸ
975 3179 1084 3260 ἔργον.
1153 3255 1156 3261 ¹

80 3288 165 3352 οὕτω
202 3295 287 3350 τοῖσι
319 3287 533 3368 Περινθίοισι
568 3286 769 3347 παιωνίσασι
800 3280 1018 3367 ἐπιχειρέουσι
1051 3283 1089 3346 οί

80 3397 224 3469 Παίονες
249 3388 305 3454 καὶ
331 3393 455 3455 πολλόν
482 3413 517 3454 τε
543 3387 724 3474 ἐκράτησαν
751 3385 806 3453 καὶ
833 3390 947 3454 έλιπόν
969 3405 1085 3472 σφεων

79 3501 220 3583 ὀλίγους.
256 3499 296 3562 τὰ
320 3495 381 3582 μὲν
405 3499 445 3581 δὴ
469 3495 531 3561 ἀπὸ
556 3495 714 3558 Παιόνων
736 3496 898 3582 πρότερον
921 3496 1121 3578 χενόμενακ

130 3616 225 3656 Ηττον.
239 3613 269 3653 ΙΙ.
528 3625 532 3632 ’
857 3606 869 3652 l
