2678 3968
172 253 236 317 268
585 247 770 304 Ηεοοοουι

170 393 269 460 τέκνα
302 392 362 478 μέν
388 417 453 458 νυν
484 391 539 460 καὶ
566 403 726 476 γυναῖκας
752 390 856 475 πέρην
883 392 917 468 ἐς
942 393 1003 475 τήν
1028 389 1177 476 Ἀχαιίην

172 500 366 583 διέπεμψαν,
391 501 501 566 αὐτῶν
525 496 561 565 δέ
580 500 615 564 οί
634 495 695 582 μέν
713 503 860 564 πλεῖστοι
878 496 1045 582 ἀνέβησαν
1064 498 1097 574 ές
1114 508 1177 563 τοῦ

172 611 376 692 Παρνησσοῦ
403 609 461 683 τὰς
487 606 637 690 κορυφάς
659 603 714 669 καὶ
737 603 770 680 ἐς
791 605 829 669 τὸ
852 605 1030 689 Κωρύκιον
1053 605 1177 688 ἄντρον

171 713 402 796 ἀνηνείκαντο,
430 713 465 778 ολ
490 710 527 778 δὲ
555 712 588 789 ἐς
607 711 798 796 ’Ἀμφισσαν
824 711 886 794 τήν
908 711 1058 795 Λοκρίδα
1080 710 1178 788 ὑπεξ-

170 823 288 902 ῆλθον.
333 820 454 895 πάντες
477 815 514 884 δὲ
537 813 584 884 ὧν
608 819 644 883 οί
658 816 789 901 Δελφοὶ
811 815 961 894 ἐξέλιπον
981 817 1044 900 τήν
1066 819 1177 899 πόλιν,

119 945 153 993 37
172 926 260 1007 πλήν
290 923 446 1006 ἑξήκοντα
476 925 610 1009 ἀνδρῶν
641 922 696 988 καὶ
723 932 783 988 τοῦ
809 925 996 1007 προφήτεω.
1041 921 1111 988 ἐπεὶ
1139 923 1178 988 δὲ

172 1030 276 1114 ἀγχοῦ
304 1053 339 1095 τε
366 1026 452 1114 ήσαν
479 1031 516 1096 οί
534 1031 697 1114 βάρβαροι
724 1029 870 1105 ἐπιόντες
896 1027 951 1093 καὶ
973 1029 1116 1114 ἀπώρων
1138 1031 1178 1094 τὸ

173 1137 258 1221 ίρόν,
283 1136 320 1201 ἐν
342 1137 448 1222 τούτῳ
473 1135 490 1200 ὁ
513 1136 694 1219 προφήτης,
716 1141 761 1221 τῷ
786 1135 914 1218 οὕνομα
933 1129 975 1216 ήυ
990 1129 1177 1218 Ἀκήρατος,

173 1241 235 1328 ὁρᾷ
267 1244 330 1328 πρὸ
362 1249 423 1306 τοῦ
449 1249 535 1324 νηοῦ
562 1240 646 1305 ὅπλα
672 1243 871 1324 προκείμενα
898 1243 1027 1307 ἔσωθεν
1055 1241 1090 1306 έκ
1115 1251 1182 1306 τοῦ

172 1347 319 1433 μεγάρου
346 1345 596 1430 ἐξενηνειγμένα
625 1345 693 1431 ἱρά,
721 1357 788 1410 τῶν
816 1346 878 1410 οὐκ
900 1347 995 1412 ὅσιον
1017 1343 1060 1431 ήν
1083 1348 1181 1412 ἅπτε-

172 1459 255 1518 σθαι
278 1453 468 1537 ἀνθρώπων
492 1452 614 1518 οὐθενί.
659 1451 678 1516 ὁ
701 1447 761 1536 μὲν
785 1453 826 1536 δή
848 1453 900 1535 ήιε
923 1458 1068 1537 Δελφῶν
1090 1465 1179 1519 τοῖσι

171 1567 332 1642 παρεοῦσι
359 1557 535 1642 σημανέων
561 1559 599 1623 τὸ
626 1555 733 1642 τέρας·
764 1558 800 1622 οί
819 1553 856 1622 δέ
879 1559 1042 1644 βάρβαροι
1065 1559 1177 1643 ἐπειδὴ

173 1664 324 1748 ἐγίνοντο
346 1664 552 1749 ἐπειγόμενοι
570 1665 651 1729 κατὰ
669 1665 706 1728 τὸ
727 1664 801 1749 ίρὸν
818 1672 876 1747 τῆς
895 1668 1065 1750 Προνηίης
1079 1662 1179 1749 Ἀθη-

172 1773 279 1854 ναίης,
304 1770 487 1854 ἐπιγίνεταί
502 1786 562 1854 σφι
584 1769 679 1853 τέρεα
702 1773 749 1834 ἔτι
773 1769 891 1854 μέζονα
909 1781 969 1835 τοῦ
987 1769 1066 1858 πρὶν
1084 1796 1180 1855 γευο-

173 1875 278 1961 μένου
305 1874 424 1960 τέρεος.
469 1883 569 1961 θῶμα
597 1872 657 1960 μὲν
684 1877 747 1962 γάρ
774 1874 950 1943 καὶτοῦτο
973 1878 1074 1963 κάρτα
1098 1878 1179 1961 ἐστί,

174 1984 259 2048 ὅπλα
291 1982 389 2068 ἀρήια
422 1982 589 2066 αὐτόματα
621 1991 768 2065 φανῆναι
801 1980 861 2060 ἔξω
893 1987 1091 2068 προκείμενα
1117 1994 1180 2049 τοῦ

174 2097 272 2171 νηοῦ·
304 2091 344 2153 τά
375 2085 481 2171 ὃέόή
510 2086 561 2153 ἐπὶ
588 2089 694 2174 τούτῳ
718 2088 855 2172 δεύτερα
883 2087 1098 2174 ἐπιγενόμενα
1124 2088 1180 2154 καὶ

175 2195 231 2258 διὰ
262 2195 395 2259 πάντων
424 2195 606 2279 φασμάτων
633 2193 707 2272 άξια
733 2193 889 2278 θωμάσαι
916 2195 1063 2279 μάλιστα.
1109 2194 1180 2261 ἐπεὶ

174 2300 237 2382 γάρ
267 2300 308 2381 δή
336 2295 421 2381 ήσαν
449 2300 596 2376 ἐπιόντες
623 2301 658 2364 οί
677 2301 844 2386 βάρβαροι
861 2303 944 2365 κατά
965 2303 1003 2366 τὸ
1026 2303 1100 2386 ίρὸν
1122 2311 1181 2384 τῆς

176 2407 347 2487 Προνηίης
371 2403 564 2488 Ἀθηναίης,
595 2405 632 2469 ἐν
660 2407 766 2493 τούτφ
795 2405 830 2470 ἐκ
857 2402 918 2489 μὲν
944 2415 1004 2471 τοῦ
1032 2407 1181 2492 οὐρανοῦ

175 2507 331 2596 κεραυνοὶ
359 2510 489 2574 αὐτοῖσι
517 2509 705 2593 ἐνέπιπτον,
738 2511 801 2576 ἀπὸ
829 2508 866 2576 δὲ
892 2521 953 2576 τοῦ
976 2517 1181 2598 Παρνησσοῦ

176 2617 413 2702 ἀπορραγεῖσαι
446 2615 507 2680 δύο
539 2614 686 2700 κορυφαὶ
715 2615 875 2700 ἐφέροντο
907 2621 1018 2706 πολλῷ
1045 2619 1180 2708 πατάγῳ

177 2724 210 2800 ές
238 2723 359 2799 αὐτοὺς
385 2719 440 2788 καὶ
466 2719 647 2805 κατέλαβον
675 2724 819 2806 συχνούς
846 2723 974 2807 σφεων,
1002 2723 1038 2789 ἐκ
1061 2721 1098 2790 δὲ
1119 2735 1181 2790 τοῦ

178 2830 253 2913 ίροῦ
284 2838 341 2914 τῆς
369 2831 539 2915 Προνηίης
570 2829 633 2912 βοή
665 2850 700 2892 τε
735 2825 790 2891 καὶ
827 2828 1013 2914 ἀλαλαγμὸς
1044 2830 1181 2914 ἐγίνετο.

124 2954 159 3004 38
178 2933 409 3019 συμμιγέντων
438 2931 475 2999 δέ
502 2934 630 2998 τούτων
657 2932 791 2998 πάντων
816 2937 923 3018 φόβος
949 2946 1035 3000 τοῖσι
1057 2937 1181 3021 βαρβά-

178 3058 267 3127 ροισι
290 3041 518 3107 ἐνεπεπτώκεε.
554 3042 718 3124 μαθόντες
741 3036 778 3104 δὲ
797 3040 832 3105 οί
847 3039 978 3125 Δελφοὶ
996 3043 1182 3126 φεύγοντάς

177 3163 292 3229 σφεας,
316 3147 569 3229 ἐπικαταβάντες
587 3145 779 3211 ἀπέκτειναν
797 3149 926 3230 πλῆθός
943 3170 975 3211 τι
993 3147 1113 3213 αὐτῶν.
1149 3149 1185 3213 οί

178 3248 215 3315 δὲ
247 3256 432 3335 περιεόντες
464 3254 524 3316 ἰθὺ
551 3255 708 3318 Βοιωτῶν
736 3255 888 3336 ἔφευγον.
938 3255 1054 3336 ἔλεγον
1086 3251 1123 3319 δὲ
1150 3255 1184 3320 οί

178 3357 463 3438 ἀπονοστήσαντες
487 3351 579 3422 οὗτοι
601 3368 668 3422 τῶν
691 3358 880 3444 βαρβάρων,
904 3359 948 3436 ὡς
971 3359 1035 3442 ἐγὼ
1053 3360 1182 3426 πυνθάψ

177 3485 289 3546 νομαι,
309 3462 353 3537 ὡς
370 3462 452 3544 πρὸς
469 3462 616 3526 τούτοισι
634 3459 689 3526 καὶ
708 3464 790 3527 άλλα
809 3463 905 3548 ὥρων
923 3469 1013 3528 θεῖα·
1038 3465 1100 3529 δύο
1119 3466 1182 3547 γὰρ
