2678 3970
407 266 549 325 LIB.v11-.
586 267 837 326 emmo-195.
1062 272 1126 337 231

124 417 389 497 καταλειφθῆναι
421 412 485 479 ὑπὸ
509 408 656 498 Ἰήσονός
684 437 719 480 τε
746 412 801 480 καὶ
827 427 894 481 τῶν
923 419 1129 502 συνεταίρων

124 519 161 584 ἐκ
183 528 240 602 της
259 519 397 604 Ἀργοῦς
420 517 468 585 ἐπ’
491 520 583 604 ὕδωρ
601 519 805 605 πεμφθέντα,
825 515 898 586 εὖτε
917 519 969 587 έπλ
986 523 1023 586 τὸ
1042 533 1129 598 κῶας

124 627 244 690 ἔπλεον
272 625 305 702 ἐς
326 620 415 691 Αἶαν
441 626 503 709 τήν
525 627 687 710 Κολχίδα·
719 625 877 692 ἐνθεῦτεν
903 627 967 712 γὰρ
990 629 1128 710 ἔμελλον

124 730 366 816 ὑδρευσάμενοι
384 731 418 809 ἐς
434 732 472 797 τὸ
490 729 631 815 πέλαγος
649 731 797 816 άπήσειυ,
817 730 869 797 έπὶ
886 733 1007 798 τούτου
1026 727 1063 797 δέ
1080 739 1126 820 τῷ

125 836 221 924 χώρῳ
246 837 373 921 ούνυμα
396 835 512 921 γέγονε
532 831 673 922 Ἀφεταί.
709 837 873 925 ἐντούτῳ
898 833 945 903 ὧν
968 838 1072 923 ὅρμου
1094 836 1130 902 oc

125 941 253 1025 Ξέρξεω
278 942 457 1008 ἐποιεῦντο.
493 945 725 1009 πεντεκαίδεκα
748 940 785 1009 δέ
802 954 869 1009 τῶν
887 953 973 1009 νεῶν
990 943 1118 1009 τούτων
1130 959 1182 1006 194

3 1091 4 1134 ρ
125 1050 243 1132 ἔτυχόν
265 1071 301 1113 τε
327 1049 464 1114 ὕσταται
485 1051 610 1115 πολλὸν
633 1048 863 1134 ἐξαναχθεῖσαι
889 1053 947 1115 καί
966 1073 1032 1126 κως
1053 1071 1126 1112 κατ-

126 1154 218 1219 εῖδον
239 1153 297 1230 τὰς
320 1151 369 1219 ἐπ’
392 1148 581 1243 Ἀρτεμισίῳ
603 1166 671 1220 τῶν
689 1151 857 1238 Ἑλλήνων
879 1155 965 1232 νέας.
1010 1151 1128 1232 ἔδοξάν

126 1283 161 1324 τε
191 1259 231 1342 δή
259 1260 317 1336 τάς
344 1259 504 1345 σφετέρας
531 1256 616 1326 εἶναι
644 1261 679 1326 oc
703 1261 866 1347 βάρβαροι
892 1258 948 1327 καὶ
973 1257 1128 1334 πλέοντες

125 1363 282 1430 ἐσέπεσον
314 1365 348 1443 ἐς
377 1368 456 1443 τοὺς
481 1370 672 1451 πολεμίους·
703 1377 770 1431 τῶν
797 1366 990 1452 ἐστρατήγεε
1017 1365 1035 1431 6
1063 1364 1127 1430 άπὸ

124 1471 242 1556 Κύμης
264 1480 321 1554 τῆς
343 1473 501 1549 Αἰολίδος
527 1473 675 1557 ὕπαρχος
696 1472 880 1556 Σανδώκης
903 1471 921 1538 6
944 1473 1127 1556 Θαμασίου,

125 1579 185 1642 τὸν
213 1577 253 1661 δή
281 1579 442 1661 πρότερον
469 1577 597 1642 τούτων
623 1579 777 1660 βασιλεὺς
799 1583 942 1662 Δαρεῖος
964 1571 1014 1642 ἐπ’
1040 1576 1126 1660 αἰτίη

125 1685 237 1768 τοιήδε
251 1683 363 1766 λαβὼν
381 1682 621 1768 ἀνεσταύρωσε,
641 1683 737 1748 ἐόντα
755 1694 822 1748 τῶν
840 1685 1022 1766 βασιληίων
1037 1682 1128 1745 δικα·

126 1789 239 1854 στέων.
272 1787 289 1854 6
304 1789 487 1871 Σανδώκης
505 1785 558 1854 έπὶ
575 1789 718 1874 χρήμασι
736 1789 853 1853 άδικον
872 1789 969 1872 δίκην
987 1787 1127 1851 ἐδίκασε.

127 1891 434 1979 ἀνακρεμασθέντος
452 1889 499 1958 ὧν
519 1892 622 1959 αὐτοῦ
636 1895 844 1978 λογιζόμενος
857 1891 875 1958 6
889 1897 1033 1977 Δαρεῖος
1050 1885 1131 1976 εὗρέ

127 1985 163 2066 οί
181 1999 268 2064 πλέω
292 1999 403 2082 ιἰγαθδι
420 2009 487 2064 τῶν
506 1999 746 2084 ἁμαρτημάτων
763 1996 965 2082 πεποιημένα
983 1998 1016 2074 ές
1034 1991 1128 2062 οἷκον

126 2107 186 2170 τὸν
208 2107 395 2188 βασιλήιον·
427 2105 534 2190 εὑρὼν
558 2101 595 2170 δὲ
617 2112 715 2169 τοῦτο
739 2103 756 2169 6
779 2109 923 2190 Δαρεῖος
948 2101 1004 2168 καὶ
1024 2105 1128 2187 γνοὺς

128 2212 172 2286 ὡς
194 2209 353 2296 ταχύτερα
376 2209 475 2288 αὐτὸς
492 2209 513 2294 ή
532 2210 706 2296 σοφώτερα
725 2207 924 2294 ἐργασμένος
942 2214 1003 2292 είη,
1022 2212 1127 2275 ἔλυσε.

128 2313 263 2399 βασιλέα
281 2311 342 2400 μέν
361 2316 402 2399 δή
417 2321 563 2401 Δαρείου
583 2315 668 2381 οὕτω
689 2315 863 2399 διαφυγὼν
880 2315 924 2400 μὴ
944 2314 1128 2382 ἀπολέσθαι

127 2430 259 2508 περιήν,
285 2422 358 2490 τότε
381 2417 418 2486 δὲ
440 2421 474 2498 ἐς
495 2423 573 2497 τοὺς
596 2419 758 2504 Ἓλληνας
778 2421 992 2498 καταπλώσας
1014 2424 1127 2506 ἔμελλε

129 2527 170 2593 ού
199 2527 237 2592 τὸ
271 2527 427 2613 δεύτερον
459 2527 633 2611 διαφυγὼν
665 2529 818 2592 ἔσεσθαι·
855 2526 899 2604 ὡς
929 2527 992 2612 γάρ
1024 2543 1128 2611 σφεας

128 2629 220 2700 εἶδον
242 2630 488 2717 προσπλέοντας
511 2632 546 2697 οί
557 2630 724 2716 Ἕλληνες,
747 2635 911 2717 μαθόντες
933 2633 1043 2698 αὐτῶν
1065 2633 1127 2716 τήν
1185 2632 1188 2637 ’

127 2737 307 2824 γινομένην
343 2736 514 2822 ἁμαρτάδα
552 2737 792 2823 ἐπαναχθέντες
830 2736 988 2814 εὐπετέως
1023 2735 1127 2820 σφέας
1337 2759 1338 2824 5

0 2924 14 2945 Β
127 2837 227 2911 εἷλον.
264 2844 301 2910 έν
322 2845 450 2910 τούτων
472 2851 529 2928 μιῇ
544 2839 714 2930 Ἀρίδωλις
731 2841 840 2909 πλέων
858 2844 937 2931 ήλω,
955 2842 1119 2927 τύραννος
1130 2860 1180 2911 105
1337 2837 1338 2924 λ

0 2946 7 2951 ’
125 2947 335 3034 Ἀλαβάνδων
366 2960 433 3014 τῶν
466 2949 503 3015 ἐν
533 2952 654 3035 Καρίη,
687 2948 723 3014 έν
755 2947 847 3033 ἑτέρη
880 2943 917 3013 δέ
949 2946 966 3013 6
995 2946 1127 3031 Πάφιος
1336 2927 1338 3022 λ

128 3057 309 3141 στρατηγὸς
335 3056 512 3132 Πενθύλος
539 3054 557 3120 6
580 3055 777 3138 Δημονόου,
806 3052 842 3129 ὃς
868 3047 927 3135 ήγε
954 3048 1015 3136 μέν
1042 3054 1127 3118 δυά·
1335 3045 1337 3112 λ

129 3164 208 3227 δεκα
229 3160 306 3238 νέας
328 3160 364 3226 ἐκ
386 3160 520 3243 Πάφου,
543 3159 720 3242 ἀποβαλὼν
743 3156 783 3224 δέ
802 3174 914 3242 σφεων
935 3158 994 3234 τδις
1011 3156 1128 3224 ἕνδεκα

128 3275 173 3354 τῷ
196 3277 331 3351 χειμῶνι
353 3274 398 3354 τῷ
421 3263 588 3352 γενομένῳ
609 3263 691 3329 κατά
709 3263 874 3346 Σηπιάδα,
897 3271 954 3348 μιή
976 3272 1016 3349 τῇ
1038 3285 1127 3351 περι-

1 3393 2 3406 ι
128 3371 289 3457 γενομένη
311 3370 502 3437 καταπλέων
523 3366 572 3435 ἐπ’
596 3365 800 3455 Ἀρτεμίσιον
822 3370 899 3453 ήλω.
935 3370 1073 3447 τούτους
1085 3369 1131 3460 κοί

128 3475 286 3560 Ἕλληνες
313 3476 580 3563 ἐξιστορήσαντες
605 3475 646 3540 τά
668 3474 847 3559 ἐβούλοντο
869 3473 1041 3541 πυθέσθαι
1063 3441 1127 3554 άπὸ
