2632 3970
246 241 312 306 382
659 239 848 296 HERODOTI

245 385 414 469 θυγατρὸς
440 392 497 467 τῆς
524 393 598 467 σῆς,
630 386 758 467 ποιήσω
786 383 900 468 μέντοι
928 386 1056 450 τούτων
1083 385 1244 468 οὐδέτερα.
1296 383 1297 460 ξ

246 491 289 553 σὺ
307 485 344 554 δέ
362 491 520 574 μηδαμῶς
538 493 600 572 βιῶ
617 492 808 574 πρήγματος
825 491 958 555 τοιοῦδε
976 491 1147 574 δεόμενος·
1172 491 1245 556 ἀλλὰ
1296 479 1297 528 ί

244 601 283 678 τῇ
305 616 341 659 τε
371 603 412 679 σή
439 593 585 680 θυγατρὶ
612 594 695 679 άνήρ
723 596 822 672 ἄλλος
844 597 1026 679 φανήσεται
1049 595 1128 680 έμεῦ
1152 594 1244 661 οὐδέν
1296 607 1297 638 ³

244 698 373 782 ήσσων,
400 699 459 784 ἐμέ
478 722 514 766 τε
541 702 578 765 έα
600 698 733 784 γυναικὶ
760 709 799 786 τῇ
827 701 887 786 έμῇ
910 699 1120 766 συνοικέειν,
1149 699 1245 786 ὁμέν
1296 767 1297 774 ,

246 806 287 889 δή
319 806 499 871 τοιούτοισι
529 805 710 890 ἀμείβεται,
738 805 861 892 Ξέρξης
893 803 930 872 δέ
956 804 1132 890 δυμωδεὶς
1164 807 1245 890 λέγει
1290 785 1297 922 J

244 911 334 976 τάδε·
359 911 455 977 Οὕτω
474 933 536 994 τοι,
555 913 722 994 Μασίστα,
745 909 940 997 πέπρηκται·
964 912 1041 977 οὔτε
1057 914 1122 998 γάρ
1140 913 1183 978 ίίν
1199 936 1245 977 τοι
1290 931 1297 962 ι

245 1018 342 1100 δοίην
364 1016 534 1103 θυγατέρα
556 1018 618 1101 τήν
644 1016 725 1100 ἐμήν
747 1026 863 1100 γήμαι,
892 1018 968 1082 οὔτε
994 1017 1103 1102 έκείνη
1126 1023 1245 1083 πλεῦνα
1290 957 1297 1088 δ

243 1125 367 1207 χρόνον
390 1125 612 1206 συνοικήσεις,
641 1123 685 1198 ὡς
707 1122 818 1207 μάῦης
839 1124 879 1187 τὰ
902 1123 1061 1207 διδόμενα
1085 1121 1244 1188 δέκεσθαι.

243 1226 262 1292 ὁ
286 1223 324 1292 δὲ
346 1227 389 1303 ὡς
410 1235 512 1293 ταῦτα
530 1229 663 1311 ήκουσε,
683 1233 775 1304 είπας
792 1229 932 1293 τοσόνδε
951 1227 1070 1313 έχάρεε
1088 1227 1165 1306 ἔξω·
1187 1226 1243 1292 Λέ-

193 1353 242 1402 112
253 1347 368 1415 σποτα,
393 1333 434 1398 οὐ
458 1334 499 1417 δή
521 1335 583 1399 κού
602 1357 642 1418 με
664 1333 842 1409 ἀπώλεσας.
880 1333 917 1398 έν
940 1330 978 1398 δὲ
1000 1333 1107 1419 τούτῳ
1129 1341 1175 1420 τῷ
1195 1333 1244 1396 διὰ

243 1435 346 1522 μέσου
369 1440 490 1526 χρόνῳ,
514 1438 551 1503 έν
572 1447 618 1526 τῷ
642 1437 765 1523 Ξέρξης
786 1445 832 1526 τῷ
856 1437 1005 1526 ἀδελφεῷ
1030 1437 1205 1521 διελέγετο,
1226 1437 1244 1519 ή
1296 1489 1297 1500 ,

241 1540 421 1627 Ἄμηστρις
435 1541 709 1627 μεταπεμψαμένη
728 1546 806 1620 τοὺς
820 1545 1034 1628 δορυφόρους
1047 1553 1109 1609 τοῦ
1123 1542 1245 1628 Ξέρξεω

244 1649 492 1732 διαλυμαίνεται
509 1650 570 1731 τήν
588 1660 729 1732 γυναῖκα
746 1650 807 1732 τήν
823 1651 1018 1714 Μασίστεω·
1041 1651 1120 1726 τούς
1138 1672 1173 1713 τε
1191 1673 1245 1732 μα-

244 1755 319 1832 ζοὺς
340 1753 554 1838 ἀποταμοῦσα
577 1752 653 1818 κυσί
675 1753 838 1839 προέβαλε
860 1751 916 1819 καὶ
939 1753 1017 1838 βῑνα
1035 1753 1091 1819 καὶ
1109 1749 1177 1819 ὦτα
1194 1751 1247 1819 καὶ

242 1863 350 1944 χείλεα
373 1857 428 1923 καί
450 1864 605 1942 γλῶσσαν
624 1860 808 1943 ἐκταμοῦσα
826 1859 860 1935 ές
878 1853 973 1924 οίκόν
991 1883 1049 1943 μιν
1067 1859 1247 1944 ἀποπέμπει

192 1986 241 2036 113
252 1963 568 2051 διαλελυμασμένην.
609 1965 627 2030 ό
656 1962 693 2030 δὲ
714 1967 890 2048 Μασίστης
913 1963 1014 2030 οὐδέν
1032 1989 1080 2030 κω
1103 1964 1247 2048 ἀκηκοὼς

241 2073 380 2154 τούτων,
399 2071 578 2156 ἐλπόμενος
593 2068 631 2134 δέ
643 2073 678 2134 τί
694 2071 728 2135 oc
739 2072 843 2136 κακὸν
857 2065 953 2154 εἶναι,
973 2071 1120 2135 ε’σπίπτει
1137 2069 1245 2156 δρόμῳ
1296 2087 1297 2128 ι

242 2177 276 2253 ές
288 2179 329 2241 τὰ
343 2178 439 2242 οίκία.
472 2177 554 2241 ίδδιν
569 2172 606 2240 δέ
621 2175 872 2260 διεφθαρμένην
885 2177 947 2260 τήν
960 2185 1113 2258 γυναῖκα,
1133 2176 1245 2240 αὐτίκα
1296 2219 1297 2224 1

242 2281 322 2363 μετὰ
348 2290 450 2345 ταῦτα
478 2281 810 2364 συμβουλευσάμενος
836 2291 923 2347 τοῖσι
953 2279 1048 2346 παισὶ
1075 2281 1245 2365 ἐπορεύετο

242 2383 276 2460 ές
306 2383 438 2468 Βάκτρα
470 2386 534 2449 σόν
565 2407 600 2450 τε
631 2396 718 2450 τοῖσι
750 2384 876 2451 ἑωυτοῦ
902 2387 1007 2451 υίοῐσι
1033 2384 1089 2450 καὶ
1119 2388 1162 2469 δή
1190 2385 1245 2451 κοί
1296 2369 1297 2434 ί

241 2505 307 2554 τισι
332 2487 388 2554 καὶ
415 2489 545 2554 άλλοισι
572 2491 617 2566 ὡς
644 2490 840 2574 ἀποστήσων
866 2493 973 2575 νομὸν
1000 2491 1059 2559 τόν
1083 2493 1245 2578 Βάκτριον
1296 2521 1297 2528 ·

241 2593 296 2661 καί
322 2597 472 2678 ποιήσων
498 2596 539 2660 τὰ
566 2593 701 2679 μέγιστα
728 2607 838 2661 κακῶν
866 2597 1011 2680 βασιλέα.
1056 2596 1097 2660 τά
1118 2619 1183 2682 περ
1210 2595 1247 2660 ἂν

241 2700 296 2767 καί
319 2700 472 2794 ἐγένετο,
488 2701 532 2780 ὡς
555 2699 628 2787 έμοδ
651 2700 795 2784 δοκέειν,
818 2707 930 2787 εἴπερ
954 2704 1044 2786 ἔφθη
1067 2701 1198 2784 ἀναβὰς
1220 2699 1249 2774 ές

241 2810 320 2884 τοὺς
342 2811 527 2894 Βακτρίους
549 2805 605 2872 καὶ
627 2809 706 2883 τοὺς
723 2806 849 2883 Σάκας·
870 2805 926 2872 καὶ
948 2809 1012 2890 γὰρ
1036 2809 1196 2892 ἔστεργόν
1217 2801 1251 2868 τέ

242 2938 300 2998 μιν
322 2912 378 2979 καί
400 2907 443 2997 ἦν
465 2913 613 2999 ὕπαρχος
635 2922 702 2978 τῶν
719 2915 901 2998 Βακτρίων.
939 2912 1022 2978 ἀλλὰ
1044 2914 1107 2998 γὰρ
1126 2910 1252 2998 Ξέρξης
1291 2925 1297 2946 ⁴

241 3022 434 3098 πυθόμενος
451 3027 554 3084 ταῦτα
571 3018 699 3084 ἐκείνου
718 3019 909 3102 πρήσσοντα
926 3017 1056 3104 πέμψας
1074 3015 1124 3082 ἐπ’
1147 3018 1253 3082 αὐτὸν

243 3126 400 3210 στρατιήν
427 3123 464 3190 έν
491 3132 531 3209 τῇ
558 3124 626 3211 ὁδῷ
654 3122 837 3188 κατέκτεινε
860 3124 963 3190 αὐτόν
985 3148 1020 3190 τε
1043 3122 1176 3189 ἐκείνου
1200 3117 1253 3186 καὶ

242 3231 322 3306 τοὺς
343 3230 464 3305 παῖδας
487 3229 590 3294 αὐτοῦ
611 3226 666 3293 καὶ
688 3230 749 3313 τήν
773 3231 927 3314 στρατιήν
949 3229 1011 3312 τήν
1034 3228 1177 3294 ἐκείνου.

331 3333 437 3397 ,Κατδι
451 3327 513 3415 μέν
540 3333 599 3397 τὸν
621 3334 726 3418 ἔρωτα
748 3332 807 3398 τὸν
829 3331 957 3418 Ξέρξεω
980 3330 1116 3398 καὶτὸν
1141 3335 1255 3399 Μασί-

191 3448 241 3507 114
252 3448 334 3499 στεω
365 3437 517 3502 θάνατον
548 3446 692 3503 τοσαῦτα
724 3437 867 3518 ἐγένετο·
900 3438 936 3505 οἰ
960 3435 998 3504 δέ
1025 3437 1061 3503 έκ
1087 3441 1257 3522 Μυκάλης
