2678 3970
188 223 253 286 202
598 219 787 276 HERODOTI

232 366 372 446 Δείματι
393 367 609 448 παλλόμενοι,
632 365 714 429 κατά
736 361 766 428 δ’
793 363 984 449 ἀκροτάτοις
1007 362 1168 448 ὀρόφοισι

232 461 323 553 Αἷμα
345 467 448 554 μέλαν
470 470 617 554 κέχυται,
640 471 781 556 προϊδὸν
804 471 981 552 κακότητος
1002 467 1158 551 ἀνάγκας.
1312 536 1318 553 ,

229 569 313 640 Ἀλλ’
341 581 412 640 ἴτον
435 575 468 654 ἐξ
491 576 642 658 ἀδύτοιο,
669 586 781 652 κακοῖς
804 573 834 639 δ’
861 575 1046 641 ἐπικίδνατε
1067 577 1197 659 θυμόν.

138 699 186 750 141
196 691 298 747 ταῦτα
326 681 525 758 ἀκούσαντες
547 683 582 746 οἱ
600 693 668 746 τῶν
687 679 876 764 Ἀθηναίων
897 683 1083 767 θεοπρόποι
1110 696 1196 764 συμ

188 796 276 872 φορῇ
309 797 348 872 τῇ
380 791 515 872 μεγίστῃ
546 787 715 873 ἐχρέωντο.
765 787 990 873 προβάλλουσι
1023 783 1060 851 δέ
1088 785 1197 870 σφέας
1324 847 1327 878 ζ

188 893 309 970 αὐτούς
331 894 395 958 ὑπὸ
417 902 478 958 τοῦ
500 903 603 958 κακοῦ
625 902 685 957 τοῦ
704 891 928 978 κεχρησμένον
950 897 1062 976 Τίμων
1086 889 1197 958 δἈν-
1326 881 1327 886 ¹

188 1000 387 1085 δροβούλου,
409 1010 477 1063 τῶν
495 1003 640 1082 Δελφῶν
663 998 746 1081 ἀνὴρ
766 1000 900 1083 δόκιμος
918 999 1017 1083 ὅμοια
1033 1006 1079 1086 τῷ
1099 999 1197 1082 μάλι-

188 1121 258 1188 στα,
283 1104 506 1188 συνεβούλευέ
522 1121 582 1188 σφι
602 1105 764 1188 ἱκετηρίας
781 1107 921 1187 λαβοῦσι
941 1105 1078 1187 δεύτεροι
1099 1099 1197 1180 αὖτις

188 1211 348 1286 ἐλθόντας
370 1216 516 1296 χρᾶσθαι
538 1217 583 1296 τῷ
607 1212 792 1296 χρηστηρίῳ
813 1210 859 1286 ὡς
882 1209 996 1286 ἱκέτας.
1036 1209 1196 1294 πειθομέ-

187 1333 276 1382 νοισι
304 1313 341 1381 δὲ
368 1325 470 1380 ταῦτα
492 1325 579 1380 τοῖσι
598 1310 806 1398 Ἀθηναίοισι
828 1313 883 1380 καὶ
906 1304 1052 1400 λέγουσι·
1079 1307 1194 1398 Ὦναξ,

187 1431 311 1508 χρήσον
334 1421 413 1506 ἡμῖν
436 1423 573 1506 ἄμεινόν
595 1444 626 1486 τι
648 1419 723 1507 περὶ
745 1430 802 1504 τής
824 1423 995 1507 πατρίδος,
1024 1420 1195 1499 αἰδεσθείς

187 1531 244 1606 τάς
272 1529 434 1611 ἱκετηρίας
459 1527 558 1592 τάσδε
585 1528 642 1604 τάς
668 1550 720 1592 τοι
747 1527 869 1611 ήκομεν
898 1526 1069 1614 φέροντες·
1101 1527 1122 1611 ή
1151 1529 1193 1592 ού

187 1659 238 1700 τοι
262 1636 381 1718 ἀπιμεν
404 1634 440 1698 έκ
461 1642 523 1698 τοῦ
545 1633 684 1716 ἀδύτου,
708 1631 779 1699 ἀλλ’
806 1633 910 1698 αὐτοῦ
931 1635 1009 1718 τήδε
1032 1633 1192 1718 μενέομεν

78 1799 80 1803 ,
188 1737 253 1806 ἐστ’
285 1739 327 1804 ἀν
354 1737 409 1804 καί
436 1741 695 1824 τελευτήσωμεν,
722 1747 824 1804 ταῦτα
852 1736 889 1804 δέ
911 1738 1046 1822 λέγουσι
1067 1739 1089 1823 ή
1111 1743 1191 1827 πρό-

187 1870 303 1932 μαντις
324 1855 388 1933 χρᾷ
412 1847 548 1930 δεύτερα
570 1846 663 1910 τάδε·

233 1953 284 2018 Οὐ
307 1953 446 2017 δύναται
469 1953 603 2027 Παλλάς
626 1945 687 2015 Δί’
710 1947 885 2035 Ὀλύμπιον
908 1950 1137 2034 ἐξιλάσασθαι,

232 2057 422 2140 Λισσομένη
445 2063 597 2123 πολλοῖσι
620 2059 731 2140 λόγοις
752 2053 807 2120 καί
830 2057 941 2139 μήτιδι
962 2067 1080 2143 πυκνή.

231 2160 296 2227 Σοὶ
320 2159 357 2227 δδ
378 2161 447 2227 τόδ’
475 2158 567 2239 αὖτις
589 2165 666 2238 ἐπος
689 2161 784 2246 ἐρέω,
808 2161 969 2246 ἀδάμαντι
991 2165 1169 2240 πελάσσας·

235 2272 310 2331 Τῶν
332 2268 442 2332 ἀλλων
464 2270 527 2354 γάρ
551 2267 776 2351 ἁλισκομένων
799 2267 861 2332 ὅσα
883 2267 1054 2353 Κέκροπος
1077 2264 1180 2355 οὖρος

228 2369 339 2447 Ἐντὸς
362 2375 428 2456 ε”χει
450 2375 606 2456 κευθμών
628 2396 663 2436 τε
685 2375 899 2459 Κιθαιρῶνος
922 2373 1069 2458 ζαθέοιο,

235 2482 349 2561 Τεῖχος
375 2482 566 2562 Τριτογενεῖ
587 2477 722 2554 ξύλινον
745 2479 837 2543 διδοῖ
857 2479 1004 2564 εὐρύοπα
1027 2483 1112 2557 Ζεὺς

231 2588 375 2650 Μοῦνον
393 2582 587 2667 ἀπόρθητον
604 2581 768 2666 τελέθειν,
786 2585 824 2648 τὸ
843 2580 880 2648 σδ
897 2581 995 2650 τέκνα
1013 2583 1041 2648 τ’
1064 2585 1191 2668 ὀνήσει.

231 2687 330 2774 Μηδὲ
353 2689 395 2753 σύ
417 2686 449 2771 γ’
477 2689 663 2770 ἱπποσύνην
686 2711 720 2752 τε
743 2688 855 2772 μένειν
876 2688 931 2754 καὶ
953 2692 1051 2768 πεζὸν
1075 2693 1169 2756 ἰόντα

232 2797 367 2862 Πολλὸν
381 2794 434 2861 ἀπ’
452 2796 590 2880 ήπείρου
605 2796 745 2879 στρατὸν
763 2796 895 2879 ἥσυχος,
915 2794 985 2860 ἀλλ’
1005 2795 1191 2883 ὑποχωρεῖν

233 2907 354 2968 Νῶτον
377 2900 586 2986 ἐπιστρέψας·
614 2903 661 2966 ἐτι
683 2903 739 2964 τοί
757 2922 836 2964 ποτε
858 2901 990 2978 κάντίος
1012 2905 1100 2988 ἐσση.

227 3000 265 3072 Ὠ
286 3011 363 3091 θείη
387 3011 554 3090 Σαλαμίς,
578 3005 709 3082 ἀπολεῖς
732 3002 768 3071 δέ
792 3008 834 3070 σὺ
856 3005 954 3071 τέκνα
976 3017 1145 3090 γυναικῶν

222 3112 272 3179 ”H
290 3135 356 3178 που
380 3111 598 3196 σκιδναμένης
620 3113 814 3196 Δημήτερος
836 3109 857 3194 ή
881 3113 1069 3195 συνιούσης.

137 3235 186 3283 142
280 3219 389 3282 Ταῦτά
412 3235 472 3302 σφι
499 3218 662 3303 ήπιώτερα
690 3218 752 3302 γάρ
779 3225 846 3282 τῶν
873 3217 1043 3302 προτέρων
1070 3217 1125 3284 καὶ
1147 3215 1193 3303 ήν

187 3321 242 3388 καὶ
265 3321 375 3388 ἐδόκεε
399 3319 494 3406 εἶναι,
518 3324 787 3408 συγγραψάμενοι
810 3322 1059 3390 ἀπαλλάσσοντο
1082 3325 1116 3402 ἐς
1132 3327 1192 3403 τάς

184 3427 335 3536 Ἀθήρας.
375 3428 420 3504 ὡς
444 3425 480 3492 δὲ
502 3427 703 3504 ἀπελθόντες
726 3428 760 3492 οἱ
780 3431 964 3513 θεοπρόποι
983 3428 1191 3513 ἀπήγγελλον
