2640 3960
248 283 291 348 54
660 280 848 337 HERODOTI

248 424 484 510 εὐπετέστερον
508 427 698 511 διαβάλλειν
720 425 741 510 ή
765 426 834 509 ἕνα,
859 429 890 492 εί
905 423 1096 510 Κλεομένεα
1117 421 1182 510 μέν
1199 428 1257 492 τὸν

248 534 515 618 Λακεδαιμόνιον
533 542 661 618 μοῦνον
685 533 746 599 οὐκ
764 525 834 609 οἷός
850 555 886 598 τε
904 530 1034 615 ἐγένετο
1053 532 1256 614 διαβάλλειν,

248 649 335 722 τρεῖς
354 635 391 704 δέ
410 640 572 724 μυριάδας
585 636 775 722 Ἀθηναίων
794 638 927 721 ἐποίησε
944 645 1052 702 τοῦτο.
1081 633 1257 720 Ἀθηναῖοι

248 741 310 830 μὲν
342 745 383 830 δή
415 744 671 821 ἀναπεισθέντες
703 743 909 828 ἐψηφίσαντο
942 747 1045 807 είκοσι
1071 740 1152 820 νέας
1179 744 1256 809 ἀπο-

140 860 145 871 “
248 857 372 916 στεῖλαι
397 853 547 935 βοηθοὺς
566 849 674 934 Ἴωσι,
690 850 883 935 Ιστρατηγὸν
906 847 1123 927 ἀποδέξαντες
1146 849 1257 915 αὐτῶν

249 952 333 1022 εἶναι
356 957 570 1038 Μελάνθιον,
598 955 706 1038 ἀνδρα
733 966 799 1020 τῶν
827 954 937 1019 ἀστῶν
964 954 1062 1020 ἐόντα
1087 955 1128 1018 τά
1151 955 1256 1020 πάντα

249 1064 396 1148 δόκιμον.
429 1056 526 1127 αὗται
545 1055 582 1126 δέ
601 1060 638 1125 αί
648 1057 720 1138 νέες
733 1060 816 1146 ἀρχή
830 1070 940 1125 κακῶν
954 1058 1109 1143 ἐγένοντο
1119 1057 1259 1144 Ἕλλησί

196 1181 230 1232 98
248 1191 283 1233 τε
314 1165 369 1233 καὶ
402 1167 608 1252 βαρβάροισι.
654 1160 887 1251 Ἀρισταγόρης
914 1162 951 1231 δὲ
977 1167 1177 1252 προπλώσας
1203 1165 1256 1233 καί

248 1273 445 1358 ἀπικόμενος
467 1272 501 1349 ἐς
522 1273 584 1356 τήν
601 1275 766 1355 Μίλητον,
790 1270 933 1358 ἐξευρὼν
951 1273 1120 1356 βούλευμα
1139 1270 1194 1338 ἀπ’
1217 1269 1255 1338 οὗ

247 1377 342 1444 Ἴωσι
369 1374 430 1463 μέν
458 1377 597 1462 οὐδεμία
624 1381 737 1463 ἔμελλε
765 1377 891 1462 ὠφελίη
918 1381 1054 1444 ἔσεσθαι
1087 1372 1176 1466 (οὐδ’
1210 1375 1255 1445 ών

249 1481 328 1550 οὐδὲ
350 1485 471 1549 τούτου
495 1484 603 1548 εἵνεκα
627 1482 733 1548 ἐποίεε
756 1480 828 1549 ἀλλ’
850 1484 935 1560 ὅκως
953 1482 1089 1568 βασιλέα
1107 1489 1255 1571 Δαρεῖον

248 1587 433 1676 λυπήσειε),
466 1591 588 1673 έπεμψε
620 1587 653 1665 ές
683 1589 745 1673 τήν
774 1593 926 1674 Φρυγίην
957 1591 1066 1675 ἀνδρα
1098 1589 1152 1655 ἐπὶ
1178 1594 1255 1667 τοὺς

249 1699 400 1772 Παίονας
430 1696 508 1771 τοὺς
539 1694 602 1760 ἀπὸ
630 1698 826 1781 Στρυμόνος
853 1703 1002 1778 ποταμοῦ
1030 1697 1255 1782 αἰχμαλώτους

248 1799 450 1885 γενομένους
471 1799 536 1867 ὑπὸ
556 1800 766 1884 Μεγαβάζου,
790 1798 957 1876 οἰκέοντας
976 1797 1013 1866 δέ
1029 1810 1088 1885 τῆς
1108 1805 1255 1887 Φρυγίης

208 1947 209 1950 =
249 1909 358 1993 χῶρόν
380 1904 488 1972 τεκαὶ
510 1907 624 1991 κώμην
647 1903 696 1971 ἐπ’
719 1903 862 1988 ἑωυτῶν,
886 1904 922 1981 ὃς
940 1905 1052 1991 ἐπειδή
1071 1907 1206 1974 ἀπίκετο
1224 1909 1255 1985 ἐς

248 2017 327 2091 τοὺς
345 2016 504 2096 Παίονας,
529 2015 619 2096 έλεγε
637 2011 728 2076 τάδε·
744 2009 883 2096 Ἀνδρος
902 2015 1056 2095 Παίονες,
1076 2014 1203 2098 ἔπεμψέ
1219 2039 1256 2099 με

245 2115 478 2205 Ἀρισταγόρης
501 2117 519 2183 ὁ
538 2119 693 2200 Μιλήτου
714 2117 878 2198 τύραννος
900 2118 1067 2201 σωτηρίην
1085 2118 1256 2204 ὑποθησό-

249 2248 351 2308 μενον
378 2225 473 2308 ὑμῖν,
503 2225 546 2306 ήν
576 2242 638 2307 περ
665 2222 834 2305 βούλησθε
863 2225 1051 2289 πείθεσθαι.
1096 2234 1163 2290 νῦν
1194 2230 1256 2311 γάρ

246 2325 355 2410 Ἰωνίη
378 2337 467 2392 πᾶσα
490 2325 648 2409 ἀπέστηκε
671 2326 735 2392 ἀπὸ
758 2326 920 2411 βασιλέος,
942 2326 998 2394 καὶ
1020 2329 1100 2413 ὑμῖν
1122 2333 1256 2418 παρέχει

249 2432 412 2509 σώζεσθαι
431 2429 483 2497 ἐπὶ
501 2432 562 2514 τήν
580 2429 741 2518 ὑμετέρην
760 2433 883 2498 αὐτῶν·
901 2432 996 2519 μέχρι
1009 2431 1071 2520 μέν
1083 2439 1256 2522 θαλάσσης

249 2537 378 2604 αὐτοῖσι
410 2537 503 2621 ὑμῖν,
534 2537 573 2602 τὸ
606 2534 642 2603 δέ
674 2537 738 2604 ἀπὸ
769 2539 890 2604 τούτου
916 2540 996 2623 ήμίυ
1022 2542 1086 2625 ήδη
1113 2548 1255 2628 μελήσει

248 2652 351 2709 ταῦτα
379 2639 416 2708 δέ
442 2642 642 2720 ἀκούσαντες
670 2644 705 2709 οί
724 2647 869 2721 Παίονες
895 2645 999 2732 κάρτα
1024 2669 1059 2712 τε
1087 2647 1256 2716 ἀσπαστὸν

249 2751 445 2835 ἐποιήσαντο
472 2747 527 2816 καλ
550 2750 771 2835 ἀναλαβόντες
793 2753 914 2828 παῖδας
935 2751 991 2817 καὶ
1013 2765 1175 2838 γυναῖκας
1198 2756 1255 2820 ἀπ-

249 2859 447 2943 εδίδρησκον
471 2854 523 2922 ἐπὶ
544 2857 733 2923 θάλασσαν·
756 2857 791 2922 οί
811 2855 851 2923 δέ
870 2881 958 2935 τινες
980 2859 1090 2924 αὐτῶν
1108 2859 1164 2926 καὶ
1184 2885 1256 2927 κατ-

249 2962 383 3050 έμειναν
413 2964 664 3049 ἀρρωδήσαντες
693 2964 805 3029 αὐτοῦ.
851 2963 956 3029 ἐπείτε
986 2961 1024 3030 δέ
1051 2966 1087 3030 οί
1110 2971 1256 3043 Παίονες

249 3070 406 3135 ἀπίκοντο
435 3066 487 3134 ἐπὶ
514 3069 704 3152 θάλασσαν,
732 3069 890 3135 ἐνθεῦτεν
917 3068 951 3146 ἐς
973 3073 1058 3135 Χίον
1086 3071 1256 3157 διέβησαν.

249 3172 374 3238 ἐόντων
397 3169 434 3237 δέ
456 3174 520 3256 ήδη
545 3173 581 3238 ἐν
599 3177 669 3260 Χίῳ
693 3175 773 3238 κατά
795 3174 899 3249 πόδας
917 3173 1076 3257 ἐληλύθεε
1096 3177 1256 3262 Περσέων
1297 3247 1298 3250 ς

250 3277 348 3352 ἵππος
374 3279 478 3361 πολλή
494 3337 495 3340 ,
510 3279 676 3344 διώκουσα
698 3280 777 3355 τοὺς
799 3281 960 3355 Παίονας·
988 3280 1033 3357 ώς
1056 3278 1092 3346 δέ
1116 3284 1159 3348 οὐ
1183 3307 1256 3350 κατ·

250 3381 385 3465 έλαβον,
410 3382 649 3466 ἐπηγγέλλοντο
673 3383 705 3460 ἐς
727 3385 788 3466 τήν
811 3386 895 3448 Χίον
917 3395 1004 3450 τοῖσι
1025 3391 1149 3453 Παίοσι
1174 3391 1258 3466 ὅκως

249 3484 292 3551 ἀν
315 3487 419 3552 ὀπίσω
443 3487 630 3554 ἀπέλθοιεν.
674 3489 709 3552 οί
730 3485 766 3552 δέ
785 3491 929 3566 Παίονες
950 3491 1029 3565 τοὺς
1052 3493 1174 3574 λόγους
1198 3496 1259 3561 οὐκ
