2632 3970
421 295 487 350 ΜΒ.
503 295 549 352 lx,
587 294 663 351 οΑΡ.
682 302 803 352 εε-ιε.
1046 292 1110 358 347

107 441 217 528 ύπνῳ,
232 427 418 524 Ιτηνικαῦτα
441 439 645 524 προσελάσας
667 440 754 526 ἵππῳ
782 442 863 524 πρὸς
884 442 941 517 τάς
963 440 1112 524 φυλακὰς

108 547 168 622 τάς
192 542 381 629 Ἀθηναίων
399 540 612 630 Ἀλέξανδρος
633 545 652 610 ὁ
672 541 851 630 Ἀμύντεω,
875 548 1055 630 στρατηγός
1075 568 1111 610 τε

109 651 175 717 ἐὼν
203 650 258 717 καὶ
285 653 440 734 βασιλεὺς
462 651 686 733 Μακεδόνων,
714 650 840 732 ἐδίζητο
867 662 953 716 τοῖσι
976 667 1111 736 στρατη-

108 767 199 839 γοῖσι
218 757 251 834 ἐς
263 760 384 840 λόγους
397 756 518 822 ἐλθεῖν.
550 768 617 822 τῶν
632 753 669 822 δὲ
682 757 841 840 φυλάκων
856 757 891 821 οί
901 752 962 840 μὲν
975 761 1112 834 πλεῦνες

109 860 306 946 παρέμενον,
330 863 366 927 οί
387 859 418 926 δ’
442 865 541 928 ἔθεον
559 860 611 927 ἐπὶ
629 865 708 938 τοὺς
726 863 938 947 στρατηγούς,
957 861 1112 938 ἐλθόντες

111 963 148 1031 δέ
171 969 285 1051 ἐλεγον
310 967 355 1044 ὡς
378 969 556 1051 ἄνθρωπος
578 969 653 1050 ἥκοι
675 963 725 1033 ἐπ’
751 968 852 1033 ἵππου
875 967 911 1033 ἐκ
932 975 993 1032 τοῦ
1016 982 1111 1051 στρα-

107 1071 252 1139 τοπέδου
278 1082 339 1138 τοῦ
361 1074 507 1157 Μήδων,
536 1072 572 1149 δς
594 1074 674 1138 άλλο
697 1070 757 1158 μέν
780 1070 881 1138 οὐδέν
902 1083 1115 1158 παραγυμνοῖ

109 1179 199 1260 ἐπος,
222 1182 428 1264 στρατηγοὺς
450 1175 488 1245 δέ
506 1179 675 1264 ὀνομάζων
694 1178 823 1244 ἐθέλειν
841 1176 924 1264 φησὶ
942 1178 975 1254 ἐς
992 1181 1112 1261 λόγους

111 1283 232 1349 ἐλθεῖν.
274 1285 310 1348 οί
329 1282 366 1350 δὲ
389 1283 459 1351 ἐπεὶ
480 1295 583 1351 ταῦτα
604 1268 762 1369 ἥκουσαν,
787 1286 902 1350 αὐτίκα
926 1284 1057 1350 εἵποντο
1078 1283 1112 1361 ἐς
1130 1297 1164 1349 45

110 1390 168 1464 τάς
190 1389 346 1473 φυλακάς.
383 1390 611 1476 ἀπικομένοισι
632 1388 668 1458 δέ
686 1394 776 1475 ἔλεγε
791 1388 1004 1474 Ἀλέξανδρος
1020 1390 1112 1454 τάδε·

110 1492 251 1578 ’Ἄνδρες
265 1492 449 1580 Ἀθηναῖοι,
466 1498 666 1582 παραθήκην
683 1496 763 1580 ὑμῖν
781 1498 821 1560 τά
839 1499 917 1561 ἔπεα
932 1495 1010 1560 τάδε
1022 1498 1112 1561 τίθε·

107 1622 184 1684 μαι,
212 1599 380 1685 ἀπόρρητα
407 1603 603 1686 ποιεύμενος
629 1603 711 1687 πρὸς
734 1600 859 1685 μηδένα
881 1599 1029 1683 λέγειν’
1012 1600 1113 1685 υμέας

109 1706 214 1770 άλλον
235 1704 256 1789 ἣ
280 1710 494 1791 Παυσανίην,
517 1710 561 1791 μή
584 1731 623 1791 με
646 1704 700 1771 καὶ
724 1708 865 1790 διαῳθεί
863 1725 954 1791 ρητε·
985 1706 1027 1771 ού
1048 1707 1112 1792 γάρ

112 1809 155 1874 άυ
183 1813 360 1894 έλεγον,ε
362 1813 444 1896 ἐμὴ
473 1812 621 1896 μεγάλως
648 1813 813 1896 ἐκηδόμην
841 1811 1031 1894 συναπάσης
1056 1821 1113 1895 τῆς

104 1914 274 1992 Ελλάδος.
307 1916 406 1993 αὐτός
418 1940 453 1981 τε
470 1919 534 2002 γάρ
546 1915 668 2002 Ἕλλην
686 1917 782 2001 γένος
800 1941 815 1982 ε
817 1915 866 2001 ίμὶ
883 1917 1045 2002 τώρχαῖον
1058 1915 1114 1982 καὶ

112 2017 183 2086 ἀντ’
215 2020 392 2107 ἐλευθέρης
420 2022 674 2106 δεδουλωμένην
704 2023 765 2088 οὐκ
792 2021 834 2087 άν
861 2021 1009 2106 ἐθέλοιμι
1032 2021 1113 2108 ὁρᾶν

112 2127 174 2208 τὴν
197 2122 346 2191 Ἑλλάδα.
392 2126 476 2211 λέγω
505 2125 542 2192 δὲ
569 2124 617 2193 ὧν
647 2129 697 2192 ὅτι
719 2129 905 2214 Μαρδονίῳ
931 2150 967 2191 τε
993 2125 1048 2192 καὶ
1074 2136 1113 2213 τῇ

110 2240 248 2316 στρατιῇ
275 2233 315 2297 τά
343 2234 467 2316 σφάγια
494 2233 535 2299 ού
563 2234 702 2298 δύναται
731 2233 919 2317 καταθύμια
941 2231 1114 2316 γενέσθαι·

111 2337 213 2402 πάλαι
240 2337 303 2421 γάρ
331 2335 373 2402 άν
403 2338 572 2423 ἐμάχεσθε.
616 2347 681 2402 νῦν
704 2337 743 2404 δέ
765 2339 799 2403 οί
820 2336 970 2404 δέδοκται
992 2340 1032 2404 τὰ
1053 2335 1114 2424 μέν

112 2443 240 2525 σφάγια
263 2442 321 2507 ἐᾶν
343 2446 482 2529 χαίρειν,
505 2443 571 2528 άμα
593 2443 698 2529 ἡμέρη
722 2440 758 2509 δὲ
782 2444 1016 2530 διαφωσκούσῃ
1035 2462 1114 2529 σνμ

114 2549 219 2632 βολὴν
245 2546 430 2614 ποιέεσθαι·
460 2551 691 2636 καταρρώδηκε
717 2552 780 2634 γάρ
808 2552 851 2635 μὴ
878 2557 1015 2626 πλεῦνες
1038 2555 1115 2615 συλ-
1182 2609 1186 2616 .

114 2660 264 2737 λεχθῆτε,
287 2653 332 2730 ὡς
354 2653 418 2737 ἐγὼ
441 2656 564 2734 είκάζω.
600 2658 682 2740 πρὸς
700 2665 803 2720 ταῦτα
821 2655 1037 2740 ἑτοιμάζεσθε.
1073 2655 1115 2738 ἢν

115 2756 153 2824 δέ
175 2761 239 2845 άρα
261 2759 483 2844 ὑπερβάληται
505 2762 566 2843 τὴν
589 2762 760 2845 συμβολὴν
778 2763 972 2890 Μαρδόνιος
993 2758 1048 2825 καὶ
1071 2762 1114 2844 μὴ

114 2863 276 2948 ποιέηται,
295 2863 463 2950 λιπαρέετε
481 2865 648 2949 μένοντες·
673 2867 794 2949 ὀλίγων
812 2867 872 2952 γάρ
891 2882 951 2949 σφι
968 2863 1116 2950 ἡμερέων

115 2973 260 3036 λείπεται
283 2973 378 3035 σιτία
423 2970 466 3055 ἣν
489 2967 527 3036 δέ
549 2971 628 3055 ύμῖν
651 2971 669 3036 ὁ
692 2974 833 3055 πόλεμος
855 2971 912 3036 ὅδε
934 2972 1015 3035 κατά
1034 2973 1116 3036 νόον

115 3079 304 3161 τελευτήση,
328 3079 523 3160 μνησθῆναί
537 3098 612 3141 τινα
631 3078 692 3162 χρὴ
711 3075 766 3141 καὶ
784 3076 861 3160 ἐμεῦ
880 3075 1118 3158 ἐλευθερώσιος

114 3179 201 3264 πέρι,
226 3179 262 3257 δς
280 3177 499 3264 ΜΕλληνων
466 3203 574 3246 εινεκα
593 3179 678 3246 ούτω
698 3183 797 3266 έργον
814 3181 1041 3266 παράβολονέ
1039 3206 1117 3267 ργα-

117 3301 196 3369 σμαι
224 3286 288 3352 ὑπὸ
311 3289 516 3372 προθυμίης,
545 3285 671 3351 ἐθέλων
693 3287 772 3370 ύμῖν
796 3287 941 3368 δηλῶσαι
963 3288 1024 3371 την
1046 3288 1117 3353 διά-

116 3412 215 3455 νοιαν
236 3393 298 3476 τὴν
316 3394 525 3479 Μαρδονίου,
549 3393 604 3457 ἵνα
627 3393 670 3476 μὴ
694 3390 869 3457 ἐπιπέσωσι
891 3391 970 3477 ὑμῖν
988 3393 1023 3458 οί
1038 3394 1116 3479 βάρ-

116 3499 215 3580 βαροι
247 3498 291 3581 μὴ
322 3496 618 3584 προσδεκομένοισί
645 3521 702 3564 κω.
747 3495 812 3583 είμὶ
844 3493 880 3563 δὲ
906 3494 1116 3578 Ἀλέξανδρος
