2678 3970
228 253 291 316 170
563 277 564 282 ¹
640 251 827 306 HERODOTI

226 397 282 471 τὰς
309 391 370 480 μὲν
398 396 439 480 δή
461 394 539 473 νέας
565 397 623 472 τάς
644 397 750 472 πάσας
780 393 978 480 ἀπικομένας
1005 394 1038 472 ές
1060 399 1237 481 Δορίσκον

227 502 262 565 οί
281 503 442 587 ναύαρχοι
469 503 685 579 κελεύσαντος
707 500 833 587 Ξέρξεω
861 501 894 579 ἐς
916 503 975 568 τὸν
998 503 1151 582 αἰγιαλὸν
1174 505 1236 568 τὸν
1324 511 1325 516 ’

225 606 386 693 προσεχέα
409 613 565 696 Δορίσκῳ
593 607 765 692 ἐκόμισαν,
798 607 835 673 ἐν
862 616 907 696 τῷ
936 608 1029 692 Σάλη
1057 631 1092 673 τε
1120 613 1236 694 Σαμο-

224 717 362 798 θρηικίη
398 717 591 780 πεπόλισται
622 717 716 790 πόλις
749 711 803 778 καὶ
837 715 951 798 Ζώνη,
988 718 1159 780 τελευταία
1199 713 1235 780 δέ

226 819 330 886 αὐτοῦ
356 819 519 906 Σέρρειον
546 821 629 904 ἀκρη
663 819 840 904 ὀνομαστή.
885 819 905 885 δ
932 816 969 884 δέ
1001 831 1108 905 χῶρος
1135 816 1235 898 οὗτος

224 927 262 990 τὸ
281 929 423 992 παλαιὸν
441 923 484 1010 ἣν
502 928 666 990 Κικόνων.
699 925 732 1001 ἐς
749 934 869 990 τοῦτον
887 927 947 990 τὸν
965 927 1118 1009 αἰγιαλὸν
1135 952 1235 992 κατα-

225 1035 360 1116 σχόντες
381 1033 440 1108 τὰς
460 1029 538 1108 νέας
560 1030 727 1115 ἀνέψυχον
745 1030 992 1108 ἀνελκύσαντες.
1029 1031 1047 1096 ὁ
1071 1029 1109 1097 δὲ
1132 1033 1170 1098 ἐν
1188 1043 1235 1122 τῷ

225 1141 382 1225 Δορίσκῳ
414 1145 534 1206 τούτου
564 1137 624 1201 τὸν
657 1139 780 1221 χρόνον
813 1145 870 1220 τῆς
901 1147 1054 1220 στρατιῆς
1085 1137 1236 1224 ἀριθμὸν

174 1265 207 1314 οο
226 1242 382 1310 ἐποιέετο.
430 1243 512 1308 ὅσον
540 1241 600 1326 μέν
623 1266 687 1306 νυν
714 1241 846 1306 ἕκαστοι
868 1254 1026 1327 παρεῖχον
1048 1249 1178 1328 πλῆθος
1202 1247 1237 1325 ές

226 1350 387 1433 ἀριθμόν,
416 1348 478 1413 οὐκ
505 1351 567 1432 ἐχω
591 1349 696 1412 εἰπεῖν
717 1350 754 1412 τὸ
778 1347 909 1432 ἀτρεκές
938 1349 993 1432 (ού
1016 1350 1079 1434 γάρ
1103 1350 1236 1434 λέγεται

225 1457 308 1538 πρὸς
331 1454 489 1538 οὐδαμῶν
511 1451 727 1540 ἀνθρώπων),
747 1455 935 1537 σύμπαντος
955 1452 991 1519 δέ
1009 1465 1070 1520 τοῦ
1089 1469 1235 1542 στρατοῦ
1326 1469 1327 1474 ’

225 1570 286 1626 τοῦ
309 1563 407 1638 πεζοῦ
433 1561 471 1624 τὸ
494 1564 622 1642 πλῆθος
649 1559 755 1642 ἐφάνη
784 1557 1010 1643 ἑβδομήκοντα
1037 1559 1092 1626 καὶ
1115 1561 1237 1629 ἑκατὸν
1327 1550 1328 1592 ³

225 1666 392 1750 μυριάδες.
438 1664 664 1751 ἐξηρίθμησαν
696 1661 733 1730 δέ
764 1666 862 1730 τόνδε
893 1667 952 1730 τὸν
983 1669 1121 1748 τρόπον·
1154 1686 1237 1734 συν-

227 1774 405 1856 αγαγόντες
428 1771 462 1848 ἐς
484 1771 543 1836 ἕνα
565 1782 674 1855 χῶρον
697 1771 843 1855 μυριάδα
866 1770 1056 1855 ἀνθρώπων
1079 1771 1134 1838 καὶ
1154 1791 1237 1840 συν·
1327 1779 1328 1810 ¹

226 1877 383 1956 νύξαντες
400 1878 523 1960 ταύτην
542 1877 586 1954 ὡς
605 1877 743 1961 μάλιστα
762 1871 853 1960 εἶχον
866 1876 1091 1962 περιέγραψαν
1106 1879 1237 1958 ἔξωθεν
1325 1933 1328 1954 ,

225 1987 362 2050 κύκλον·
393 1984 655 2068 περιγράψαντες
682 1979 719 2048 δὲ
746 1979 800 2046 καλ
832 1981 966 2059 ἀπέντες
991 1985 1070 2060 τοὺς
1092 1990 1237 2071 μυρίους
1328 1982 1329 2008 ’

227 2090 384 2174 αίμασιήν
402 2089 599 2174 περιέβαλον
616 2089 699 2153 κατὰ
715 2089 775 2152 τὸν
789 2088 922 2170 κύκλον,
941 2088 1028 2167 ὕψος
1040 2089 1236 2172 ἀνήκουσαν

227 2193 325 2277 ἀνδρὶ
348 2196 382 2272 ἐς
403 2197 463 2260 τὸν
486 2195 646 2278 ὀμφαλόν.
687 2195 811 2276 ταύτην
834 2190 872 2259 δέ
894 2198 1091 2276 ποιήσαντες
1109 2197 1235 2274 ἀλλους

227 2299 417 2382 ἐσεβίβαζον
440 2299 474 2376 ἐς
495 2302 532 2364 τὸ
555 2299 906 2383 περιοικοδομημένον,
930 2299 1024 2384 μέχρι
1047 2295 1088 2365 οὗ
1107 2303 1235 2380 πάντας

226 2406 332 2492 τούτῳ
355 2406 400 2492 τῷ
423 2407 533 2492 τρόπςο
557 2403 792 2488 ἐξηρίθμησαν.
829 2404 1073 2489 ἀριθμήσαντες
1093 2403 1130 2472 δὲ
1148 2411 1235 2474 κατά

227 2513 328 2575 έθνεα
352 2506 535 2574 διέτασσον.

174 2638 205 2686 ει
317 2616 361 2680 Os
382 2611 418 2681 δέ
442 2616 695 2699 στρατευόμενοι
719 2611 907 2698 οἵδεήσαν,
931 2614 1058 2701 Πέρσαι
1081 2613 1143 2700 μὲν
1166 2613 1233 2686 ὧδε

227 2719 473 2806 ἐσκευασμένοι·
505 2717 581 2805 περὶ
612 2717 673 2804 μὲν
704 2729 779 2805 τῇσι
810 2727 972 2806 κεφαλῇσι
999 2717 1090 2805 εἶχον
1117 2723 1236 2808 τιάρας

226 2829 461 2915 καλεομένους,
494 2829 611 2902 πίλους
640 2825 797 2909 ἀπαγέας,
830 2825 904 2912 περὶ
933 2822 970 2891 δὲ
996 2827 1033 2891 τὸ
1062 2837 1157 2911 σῶμα
1185 2853 1235 2894 κι-

226 2945 340 3014 θῶνας
365 2935 577 3020 χειριδωτοὺς
603 2936 789 3014 ποικίλους,
817 2933 950 3008 λεπίδος
972 2931 1128 3017 σιδηρέης
1152 2936 1235 3012 ὄψιν
1324 2935 1329 2954 “

228 3040 449 3127 ἰχθυοειδέος,
475 3036 550 3124 περὶ
578 3034 615 3103 δέ
641 3039 682 3102 τά
709 3036 823 3103 σκέλεα
848 3036 1062 3121 ἀναξυρίδας,
1091 3037 1167 3104 ἀντὶ
1197 3038 1236 3107 δλ

227 3149 377 3213 ἀσπίδων
390 3146 506 3231 γέρρα·
523 3145 587 3210 ὑπὸ
606 3140 644 3210 δὲ
663 3154 889 3229 φαρετρεῶνες
903 3141 1095 3226 ἐκρέμαντο·
1115 3147 1237 3229 αἰχμάς

228 3249 265 3318 δέ
288 3235 428 3340 βραχέας
451 3247 554 3336 εἶχον,
582 3249 659 3328 τόξα
689 3247 725 3314 δέ
753 3251 892 3333 μεγάλα,
919 3248 1051 3324 ὀϊστούς
1074 3245 1112 3314 δὲ
1134 3256 1236 3317 καλα·

227 3361 355 3442 μίνους,
387 3358 470 3441 πρὸς
501 3353 538 3422 δέ
570 3355 749 3439 ἐγχειρίδια
779 3355 867 3440 παρά
898 3354 958 3418 τὸν
989 3352 1098 3431 δεξιὸν
1124 3359 1236 3439 μηρὸν

227 3463 501 3544 παραιωρεύμενα
523 3461 559 3526 ἐκ
579 3471 636 3542 τῆς
655 3462 763 3543 ζώνης.
800 3457 855 3523 καλ
873 3460 1016 3542 ἀρχοντα
1034 3466 1235 3543 παρείχοντο
