2572 3980
397 253 511 310 nav.
548 253 767 311 cmo-⁶4.
893 312 895 316 ,
1042 255 1082 318 31

77 396 244 464 ἀνέκαθεν
271 400 333 481 ἐτι,
360 401 420 464 τόν
449 401 510 480 [τε]
538 400 622 482 νηὸν
650 397 867 483 ἐξεργάσαντο
894 407 955 464 τοῦ
982 419 1084 482 παρα-

78 503 252 588 δείγματος
278 504 428 586 κόλλιον,
460 504 500 570 τοί
522 527 557 569 τε
585 505 667 570 ἄλλα
695 501 751 569 καὶ
778 503 996 587 συγκειμένου
1024 520 1084 588 σφι

77 611 226 695 πωρίνου
250 611 350 676 λίθου
373 607 498 674 ποιέειν
516 610 575 674 τὸν
592 611 688 692 νηόν,
707 611 840 693 Παρίου
858 610 898 673 τὰ
917 611 1085 695 ἔμπροσθε

77 715 183 778 αὐτοῦ
215 711 418 796 ἐξεποίησαν.
464 715 508 791 ὡς
535 709 583 780 ὧν
612 715 654 798 δη
682 714 717 779 οί
738 711 911 798 Ἀθηναῖοι
939 712 1083 798 λέγουσι.
1103 732 1137 782 σε

77 815 172 885 οὗτοι
194 820 230 885 οί
250 820 370 905 ἄνδρες
388 820 424 886 ἐν
443 826 608 905 Δελφοῖσι
630 823 808 905 κατήμενοι
826 818 1006 886 ἀνέπειθον
1023 822 1084 903 την

76 928 218 1008 Πυθίην
244 927 402 1010 χρήμασι,
433 927 518 1004 ὅκως
545 930 679 992 ἔλθοιεν
701 924 937 1011 Σπαρτιητέων
965 926 1085 1010 ἄνδρες

76 1037 141 1096 είτε
170 1032 244 1118 ἰδίῳ
272 1033 379 1118 στόλῳ
402 1037 467 1098 είτε
490 1033 637 1120 δημοσίῳ
660 1035 875 1118 χρησόμενοι,
902 1029 1084 1117 προφέρειν

75 1152 139 1220 σφι
165 1137 223 1212 τὰς
246 1131 390 1220 Ἀθήνας
417 1137 628 1222 ἐλευθεροῦν.
673 1139 933 1222 Λακεδαιμόνιοι
961 1135 1012 1218 δέ,
1041 1136 1085 1213 ὥς

76 1259 139 1326 σφι
171 1241 235 1308 αίεὶ
264 1242 370 1308 τώυτὸ
398 1246 593 1328 πρόφαντον
621 1243 762 1327 ἐγένετο,
790 1241 956 1328 πέμπουσι
980 1241 1084 1327 Ἀγχι·

77 1351 198 1431 μόλιον
220 1349 279 1412 τὸν
298 1341 459 1433 Ἀστέρος,
483 1349 579 1416 ἐόντα
597 1359 664 1414 τῶν
682 1349 791 1414 ἀστῶν
810 1349 916 1432 ἀνδρα
935 1349 1084 1431 δόκιμον,

76 1455 142 1518 σὺν
175 1461 302 1540 στρατῷ
338 1452 497 1532 ἐξελῶντα
529 1455 804 1540 Πεισιστρατίδας
839 1452 873 1532 ἐξ
903 1451 1084 1535 Ἀθηνέων,

76 1559 166 1642 ὅμως
188 1557 243 1624 καὶ
266 1557 395 1636 ξείνους
419 1575 480 1644 σφι
503 1559 618 1637 ἐόντας
639 1561 679 1625 τδι
701 1560 854 1644 μάλιστα·
875 1560 916 1623 τὰ
938 1560 1001 1642 γὰρ
1023 1565 1084 1622 τοῦ

76 1670 163 1730 θεοῦ
190 1665 395 1749 πρεσβύτερα
423 1665 593 1731 ἐποιεῦντο
620 1665 641 1748 ἢ
668 1667 709 1730 τὰ
728 1676 796 1731 τῶν
818 1664 962 1749 ἀνδρῶν.
1005 1663 1083 1747 πέμ-

75 1785 178 1835 πουσι
201 1766 239 1835 δέ
260 1771 399 1847 τούτους
421 1773 502 1836 κατὰ
523 1771 699 1835 θάλασσαν
720 1773 875 1836 πλοίοισι.
916 1769 935 1834 δ
958 1766 1019 1854 μὲν
1041 1769 1084 1851 δη

66 1875 254 1961 προσσχὼν
281 1875 315 1952 ἐς
343 1876 500 1962 Φάληρον
526 1877 587 1959 την
615 1877 771 1961 στρατιὴν
798 1874 956 1960 ἀπέβησε,
987 1875 1022 1938 οί
1047 1870 1084 1940 δὲ

76 1982 350 2066 Πεισιστρατίδαι
385 1985 701 2067 προπυνθανόμενοι
737 1989 839 2046 ταῦτα
871 1978 1084 2047 ἐπεκαλέοντο

75 2086 113 2151 ἐκ
140 2088 324 2170 Θεσσαλίης
351 2086 559 2173 ἐπικουρίην·
587 2086 760 2169 ἐπεποίητο
787 2085 851 2171 γάρ
875 2103 935 2170 σφι
958 2101 1083 2168 συμμα·

74 2194 131 2276 χίη
164 2192 248 2277 πρὸς
278 2192 409 2269 αὐτούς.
455 2190 618 2258 Θεσσαλοὶ
650 2190 689 2256 δέ
714 2207 776 2276 σφι
808 2189 996 2276 δεομένοισι
1025 2190 1083 2255 ἀπ-

75 2297 227 2382 έπεμψαν
253 2305 349 2382 κοινῇ
376 2298 491 2383 γνώμη
514 2297 695 2381 χρεώμενοι
717 2299 827 2381 χιλίην
849 2318 885 2361 τε
907 2296 1007 2360 ἵππον
1030 2295 1083 2361 καλ

75 2403 138 2468 τὸν
170 2400 308 2485 βασιλέα
339 2403 399 2467 τὸν
427 2401 588 2488 σφέτερον
614 2400 741 2485 Κινέην
769 2402 876 2484 ἄνδρα
904 2403 1083 2466 Γονναίον·

74 2510 156 2585 τοὺς
175 2507 279 2574 ἐπείτε
298 2509 397 2592 ἐσχον
415 2509 606 2592 συμμάχους
619 2508 655 2572 οἱ
668 2508 948 2592 Πεισιστρατίδαι,
967 2506 1083 2590 ἐμηχα-

74 2624 186 2680 νῶντο
209 2613 333 2680 τοιοίδε·
356 2617 525 2700 κείραντες
546 2625 612 2679 τῶν
633 2613 814 2699 Φαληρέων
836 2615 874 2679 τὸ
896 2615 1013 2678 πεδίον
1030 2611 1084 2678 καὶ

77 2718 262 2802 ἱππάσιμον
292 2723 490 2803 ποιησαντος
519 2727 639 2784 τοῦτον
665 2721 725 2784 τὸν
752 2731 862 2804 χῶρον
889 2718 1012 2800 ἐπῆκαν
1038 2724 1083 2802 τῷ

75 2823 289 2912 στρατοπέδῳ
307 2825 368 2908 την
386 2825 501 2889 ἵππον·
520 2824 705 2908 ἐμπεσοῦσα
724 2823 761 2890 δέ
778 2822 950 2907 διέφθειρε
964 2823 1085 2898 ἄλλους

74 2953 110 2996 τε
133 2930 280 3005 πολλοὺς
300 2939 368 2994 τῶν
392 2930 665 3014 Λακεδαιμονίων
687 2927 741 2994 καὶ
766 2929 806 3011 δη
828 2925 884 2992 καὶ
906 2928 965 2991 τὸν
980 2923 1084 3010 Ἀγχι-

76 3038 211 3120 μόλιον,
240 3037 319 3112 τοὺς
349 3031 387 3100 δέ
418 3033 694 3119 περιγενομένους
721 3033 832 3098 αὐτῶν
860 3030 894 3108 ἐς
925 3032 984 3108 τὰς
1007 3030 1085 3108 νέας

76 3139 246 3227 κατέρξαν.
291 3139 310 3206 ὁ
333 3136 394 3224 μέν
422 3140 463 3223 δη
489 3150 618 3224 πρῶτος
640 3141 756 3215 στόλος
778 3137 815 3204 ἐκ
837 3138 1085 3220 Λακεδαίμονος

76 3247 165 3313 οὕτω
189 3243 368 3328 ἀπήλλαξε,
394 3241 450 3310 καὶ
469 3241 678 3329 Ἀγχιμολίου
701 3241 764 3308 είσὶ
786 3241 888 3326 ταφαὶ
911 3251 967 3327 τῆς
986 3236 1085 3307 Ἀττι-

76 3362 135 3436 κῆς
155 3349 371 3435 Ἀλωπεκῆσι,
399 3349 503 3434 ἀγχοῦ
529 3358 590 3416 τοῦ
612 3346 808 3434 Ἡρακλείου
831 3356 891 3413 τοῦ
914 3347 951 3413 ἐν
973 3351 1082 3412 Κυνο·

77 3458 203 3544 σάργεί.
240 3457 320 3542 μετὰ
339 3451 376 3522 δέ
390 3456 647 3540 Λακεδαιμόνιοι
664 3454 747 3540 μέζω
766 3456 885 3521 στόλον
900 3457 1085 3531 στείλαντες
1102 3469 1137 3520 σι
