2678 3968
413 293 480 350 1113.
494 293 566 350 vl11.
605 295 841 354 efflue-101.
1068 301 1134 368 29λ

129 438 232 514 δίκας.
266 439 298 503 εί
314 437 375 523 μέν
393 462 458 504 νυν
477 439 595 522 δοκέει,
615 440 732 505 αὐτίκα
749 443 941 528 πειρώμεθα
958 453 1016 529 τῆς
1030 449 1139 513 Πελο-

129 545 313 626 ποννήσου·
346 546 377 610 εί
402 542 440 610 δὲ
461 543 516 610 καὶ
539 544 647 611 δοκέει
670 545 830 631 ἐπισχεῖν,
853 548 988 633 παρέχει
1010 551 1139 618 ποιέειν

128 658 240 714 ταῦτα.
277 651 320 734 μή
344 647 382 716 δὲ
405 653 585 736 δυσθύμει·
609 652 735 738 οὐγὰρ
758 655 827 718 ἐστι
842 651 979 738 Ἕλλησι
998 656 1139 741 οὐδεμία

129 756 262 834 ἔκδυσις
283 757 327 841 μή
352 757 393 822 οὐ
417 758 537 835 δόντας
559 761 661 841 λόγον
682 769 750 824 τῶν
768 758 928 843 ἐποίησαν
946 769 1011 826 νῦν
1028 785 1064 826 τε
1081 763 1140 829 καὶ

128 864 292 948 πρότερον
314 857 400 928 εἶναι
423 866 503 940 σοὺς
526 865 678 941 δούλους.
714 865 854 949 μάλιστα
872 864 934 950 μέν
951 889 1017 931 νυν
1034 877 1139 934 ταῦτα

128 971 232 1034 ποίεε·
265 971 296 1034 εἰ
321 965 352 1033 δ’
383 970 447 1055 άρα
469 992 521 1034 τοι
544 971 759 1054 βεβούλευται
783 970 885 1036 αὐτὸν
908 970 1139 1039 ἀπελαύνοντα

129 1074 268 1158 ἀπάγειν
284 1075 346 1158 τὴν
365 1078 533 1161 στρατιήν,
552 1077 656 1160 άλλην
674 1078 738 1161 ἐχω
756 1073 811 1142 καλ
833 1076 869 1142 ἐκ
882 1078 987 1143 τῶνδε
1001 1082 1139 1163 βουλήν.

129 1184 173 1247 σὺ
195 1180 338 1266 Πέρσας,
361 1184 508 1264 βασιλεῦ,
532 1183 576 1266 μή
599 1186 740 1268 ποιήσῃς
760 1183 1024 1266 καταγελάστους
1047 1184 1140 1267 γενέ-

129 1294 211 1352 σθαι
231 1285 375 1370 Ἕλλησι.
413 1283 492 1352 οὐδὲ
514 1289 577 1374 γάρ
601 1287 643 1353 ἐν·
656 1288 811 1374 Πέρσησί
829 1292 886 1354 τοί
904 1313 936 1354 τι
960 1291 1140 1374 δεδήληται

128 1404 196 1460 τῶν
222 1393 438 1478 πρηγμάτων,
465 1390 544 1459 οὐδὲ
572 1392 673 1480 ἐρέεις
700 1395 781 1460 όκον
809 1394 993 1480 ἐγενόμεθα
1016 1397 1139 1483 άνδρες

128 1503 231 1566 κακοί.
278 1501 309 1564 εί
331 1495 367 1564 δέ
392 1499 546 1577 Φοίνικές
568 1523 602 1565 τε
629 1498 684 1566 καὶ
707 1501 885 1584 Αίγύπτιοι
912 1500 968 1566 καὶ
990 1504 1141 1588 Κύπριοί

128 1629 163 1672 τε
194 1603 250 1672 καί
276 1609 410 1682 Κίλικες
439 1605 535 1671 κακοὶ
562 1605 732 1689 ἐγένοντο,
765 1603 867 1672 οὐδὲν
894 1609 976 1694 πρὸς
1003 1607 1140 1695 Πέρσας

128 1722 227 1779 τοῦτο
250 1714 408 1798 προσήκει
429 1713 467 1777 τὸ
489 1713 608 1788 πάθος.
643 1714 708 1796 ήδη
732 1709 789 1796 ὧν,
814 1713 926 1796 ἐπειδὴ
948 1714 990 1778 ού
1008 1714 1140 1800 Πέρσαι

128 1842 181 1884 τοι
204 1822 306 1884 αίτιοί
325 1821 400 1901 είσι,
424 1815 496 1902 ἐμοὶ
518 1821 649 1882 πείθεο·
673 1823 707 1882 εί
725 1841 777 1883 τοι
801 1818 953 1884 δέδοκται
971 1821 1015 1905 μή
1033 1840 1139 1906 παρα-

12 1937 17 1972 ÷
129 1925 252 2010 μένειν,
271 1926 314 1988 σὺ
332 1921 393 2009 μὲν
412 1924 445 2001 ἐς
462 1924 549 2007 ήθεα
567 1924 607 1988 τά
625 1931 774 1989 σεωυτοῦ
788 1922 951 1990 ἀπέλαυνε
965 1934 1022 2010 τῆς
1041 1942 1137 2010 στρα,

128 2041 200 2115 τεῆς
227 2029 363 2113 ἀπάγων
385 2031 423 2095 τὸ
446 2031 586 2112 πολλόν,
614 2027 670 2114 ἐμὲ
694 2028 733 2094 δέ
754 2044 808 2094 σοι
829 2030 891 2114 χρή
915 2031 976 2113 τὴν
995 2027 1139 2098 Ἑλλάδα

129 2147 310 2223 παρασχεῖν
326 2134 591 2220 δεδουλωμένην,
601 2136 777 2221 τριήκοντα
791 2136 955 2220 μυριάδας
969 2146 1030 2202 τοῦ
1040 2153 1137 2223 στρα-

128 2252 190 2308 τοῦ
208 2241 459 2326 ἀπολεξάμενον.
491 2250 594 2306 ταῦτα
612 2240 756 2317 ἀκούσας
769 2240 893 2326 ,Ξέρξης
906 2243 951 2319 ὡς
964 2242 1001 2307 ἐκ
1018 2255 1128 2310 κακῶν
1140 2270 1190 2319 101

130 2349 230 2435 ἐχάρη
249 2371 283 2414 τε
301 2346 356 2412 καὶ
374 2349 476 2432 ήσθη,
499 2349 581 2432 πρὸς
599 2348 800 2434 Μαρδόνιόν
818 2370 853 2412 τε
871 2351 1138 2435 βουλευσάμενος

130 2459 194 2540 ἔφη
222 2453 480 2540 ὑποκρινέεσθαι
508 2453 664 2538 ὁκότερον
691 2455 822 2536 ποιήσει
848 2455 985 2522 τούτων.
1032 2458 1076 2534 ὡς
1099 2457 1137 2524 δέ

130 2563 323 2646 ἐβουλεύετο
351 2562 417 2646 ἅμα
439 2560 598 2647 Περσέων
625 2571 711 2625 τοῖσι
740 2559 956 2646 ἐπικλήτοισι,
985 2563 1079 2642 ἔδοξέ
1104 2565 1142 2629 οί

128 2667 184 2735 καὶ
195 2663 400 2755 Ἀρτεμισίην
416 2667 449 2744 ἐς
462 2670 670 2752 συμβουλίην
683 2665 969 2752 μεταπέμψασθαι,
988 2669 1039 2733 ὅτι
1056 2671 1138 2754 πρό-

128 2799 227 2861 τερον
251 2774 404 2858 ἐφαίνετο
428 2775 536 2858 μούνη
559 2772 704 2839 νοέουσα
727 2774 767 2837 τδι
788 2773 925 2856 ποιητέα
947 2769 998 2856 ἦν.
1036 2774 1081 2850 ὡς
1100 2771 1139 2839 δὲ

14 2935 17 2964 ,
129 2885 261 2948 ἀπίκετο
293 2881 314 2964 ἡ
344 2877 545 2966 Ἀρτεμισίη,
579 2879 864 2964 μεταστησάμενος
895 2881 974 2955 τοὺς
1004 2881 1139 2964 ἄλλους,

128 2989 207 3065 τούς
233 3011 268 3053 τε
300 2987 512 3071 συμβούλους
538 2985 698 3070 Περσέων
725 2983 780 3048 καί
808 2987 886 3060 τοὺς
913 2985 1139 3070 δορυφόρους,

129 3094 217 3172 ἔλεξε
249 3091 372 3179 Ξέρξης
401 3093 492 3157 τάδε·
528 3092 666 3156 Κελεύει
696 3114 735 3175 με
765 3091 961 3175 Μαρδόνιος
992 3089 1138 3175 μένοντα

129 3201 233 3266 αὐτοῦ
264 3205 443 3285 πειρᾶσθαι
473 3207 531 3283 τῆς
558 3199 835 3280 Πελοποννήσου,
868 3195 974 3279 λέγων
1006 3198 1050 3274 ὥς
1078 3222 1138 3284 μοι

129 3307 258 3391 Πέρσαι
280 3303 393 3370 τεκαὶ
415 3305 433 3372 ό
457 3307 551 3383 πεζὸς
573 3304 711 3388 στρατὸς
734 3302 873 3380 οὐδενὸς
895 3306 1053 3386 μεταίτιοι
1075 3306 1137 3370 πά·

127 3413 209 3488 θεός
243 3414 323 3494 είσι,
356 3411 439 3477 ἀλλὰ
470 3408 707 3495 βουλομένοισί
732 3425 794 3493 σφι
825 3406 946 3492 γένοιτ’
982 3409 1023 3475 διν
1055 3411 1137 3477 άπό-

15 3523 16 3526 ’
128 3517 225 3597 δεξις.
261 3515 317 3602 ἐμὲ
341 3513 389 3582 διν
410 3517 431 3602 ή
453 3526 554 3582 ταῦτα
572 3517 697 3582 κελεύει
715 3515 850 3602 ποιέειν,
869 3516 889 3602 ή
909 3517 1008 3595 αὐτὸς
1026 3518 1136 3584 ἐθέλει
