2572 3980
401 259 468 314 LlB.
483 261 516 316 V.
554 260 630 316 CAP.
651 268 753 317 9-13.
1067 265 1088 328 5

82 411 217 487 πρῆγμα
230 405 361 469 τοιόνδε
376 405 533 488 ἰδόμενον
548 404 749 489 ἐπιθυμῆσαι
759 405 968 473 ἐντείλασθαι
977 411 1088 491 Μενα-

82 509 170 595 βάζφ
181 511 331 586 Παίονας
345 507 461 575 ἑλόντα
475 510 705 587 ἀνασπάστους
715 521 849 595 ποιῆσαι
859 513 894 578 έκ
907 523 964 597 τῆς
973 514 1088 599 Εὐρώ-

81 636 144 696 πης
173 614 207 691 ές
234 616 295 698 τὴν
320 611 445 698 Ἀσίην·
476 611 519 698 ἧν
543 618 672 701 Πίρνης
698 614 760 682 καί»
775 619 938 702 Μαντύης
970 620 1090 704 ἀνδρες

83 722 240 804 Παίονες,
264 725 299 788 οἳ
319 722 423 788 ἐπείτε
441 727 585 807 Δαρεῖος
610 721 703 807 διέβη
723 722 756 800 ές
773 724 834 806 τὴν
849 720 972 808 Ἀσίην,
994 723 1089 792 αὐτοὶ

82 827 257 904 ἐθέλοντες
275 830 434 893 Παιόνων
451 819 668 912 τυραννεόειν
682 828 891 894 ἀπικνέονται
905 828 938 905 ές
951 829 1088 913 Σάρδις,

81 933 148 1016 ἀμα
168 931 324 1018 ἀγόμενοι
344 933 509 1018 ἀδελφεὴν
528 934 672 1017 μεγάλην
690 957 724 999 τε
742 932 797 1000 καὶ
816 932 953 1000 εὐειδέα.
985 937 1089 1019 φυλά·

82 1037 197 1116 ξαντες
224 1035 261 1104 δὲ
288 1044 435 1124 Δαρεῖον
461 1042 739 1125 προκατιζόμενον
767 1040 800 1116 ἐς
827 1042 864 1106 τὸ
891 1040 1089 1125 προάστειον

81 1145 118 1210 τὸ
150 1154 219 1210 τῶν
250 1145 374 1210 Λυδῶν
407 1145 565 1229 ἐποίησαν
596 1147 740 1212 τοιόνδε·
777 1146 994 1224 σκευάσαντες
1028 1148 1089 1230 την
1200 1129 1201 1133 ¹

82 1251 249 1336 ἀδελφεὴν
281 1251 325 1328 ὡς
346 1245 447 1336 ,εἰχον
475 1254 590 1336 ἀριστα
618 1248 668 1316 ἐπ’
698 1252 791 1335 ὕδωρ
820 1255 963 1336 ἔπεμπον
990 1253 1090 1335 ἀγνος

82 1354 136 1422 έπί
163 1365 203 1441 τῇ
234 1362 361 1442 κεφαλῇ
389 1361 531 1442 ἔχουσαν
558 1355 612 1422 καὶ
640 1358 676 1423 ἐκ
702 1367 762 1438 τοῦ
785 1361 962 1446 βραχίονος
988 1357 1089 1422 ἵππον

83 1461 287 1528 ἐπέλκουσαν
314 1461 369 1528 καί
394 1463 593 1528 κλώθουσαν
616 1466 721 1528 λίνον.
767 1463 812 1540 ὡς
835 1461 872 1529 δὲ
894 1461 1046 1548 παρεξήιε
1070 1462 1089 1547 ἡ

82 1570 181 1650 γυνη,
204 1565 352 1652 ἐπιμελὲς
373 1575 418 1655 τῷ
438 1570 571 1655 Λαρείφ
595 1567 738 1652 ἐγένετο·
762 1568 838 1634 οὔτε
860 1569 923 1654 γὰρ
943 1569 1090 1653 Περσικὰ

81 1667 125 1755 ἦν
154 1671 231 1736 οὔτε
258 1673 368 1737 Λύδια
390 1673 430 1736 τά
455 1674 635 1755 ποιεύμενα
663 1672 699 1738 ἐκ
725 1682 783 1756 τῆς
809 1676 980 1756 γυναικός,
1014 1673 1090 1738 οὔτε

81 1779 166 1862 πρὸς
192 1763 263 1842 τῶν
283 1778 318 1843 έκ
340 1787 398 1862 τῆς
417 1772 526 1862 Ἀσίης
549 1778 714 1862 οὐδαμῶν.
761 1775 908 1862 ἐπιμελές
931 1775 968 1844 δὲ
991 1778 1035 1854 ὥς
1058 1778 1093 1842 οἰ

83 1881 226 1968 ἐγένετο,
244 1893 312 1949 τῶν
330 1885 531 1969 δορυφόρων
549 1885 642 1961 τινάς
659 1879 777 1968 πέμπει
790 1885 935 1950 κελεύων
948 1882 1090 1968 φυλάξαι

83 1991 101 2054 ὅ
129 2013 162 2053 τι
192 1991 346 2076 χρήσεται
373 1997 418 2075 τῷ
447 1990 534 2076 ίππφ
564 1987 585 2072 ἡ
612 1991 707 2072 γυνη.
753 1989 788 2054 οί
813 1985 873 2073 μὲν
901 1989 942 2072 δὴ
970 1991 1090 2054 ὄπισθε
1179 2037 1182 2044 -

84 2097 234 2178 εἵποντο,
260 2094 281 2178 ἡ
311 2091 348 2160 δὲ
375 2094 479 2160 ἐπείτε
506 2094 637 2160 ἀπίκετο
666 2093 718 2160 έπί
740 2095 799 2160 τὸν
821 2097 984 2178 ποταμόν,
1010 2090 1091 2178 ἦρσε

83 2204 143 2267 τὸν
166 2201 280 2284 ἵππον,
304 2201 432 2284 ἀρσασα
452 2196 489 2265 δὲ
507 2198 561 2264 καὶ
579 2200 616 2264 τὸ
635 2201 736 2283 ἀγγος
753 2207 814 2264 τοῦ
831 2198 953 2276 ὕδατος
971 2199 1090 2284 έμπλη-

84 2307 210 2392 σαμένη
238 2307 299 2391 την
327 2305 430 2390 αὐτην
458 2303 540 2370 ὁδὸν
567 2304 738 2388 παρεξήιε,
766 2304 916 2390 φέρουσα
937 2307 974 2370 τὸ
997 2305 1090 2391 ὕδωρ

84 2412 138 2479 ἐπὶ
164 2421 222 2496 τῆς
244 2417 387 2496 κεφαλῆς
409 2407 464 2476 καλ
487 2409 667 2476 ἐπέλκουσα
690 2410 726 2477 ἐκ
747 2420 808 2476 τοῦ
831 2414 1008 2496 βραχίονος
1030 2413 1090 2477 τὸν

84 2521 186 2584 ἵππον
213 2515 268 2582 καὶ
296 2515 484 2601 στρέφουσα
511 2516 570 2580 τὸν
599 2516 770 2602 ἀπρακτον.
814 2517 979 2600 θωμάζων
1007 2513 1043 2583 δί
1071 2516 1141 2585 ὁ13

84 2631 230 2709 Δαρεῖος
252 2618 300 2687 ’τά
331 2644 366 2685 τε
397 2623 519 2705 ἢκουσε
555 2621 589 2687 έκ
620 2633 687 2687 τῶν
718 2626 934 2692 κατασκόπων
964 2619 1019 2687 καί
1050 2623 1090 2686 τά

84 2731 184 2806 αὐτὸς
212 2729 296 2813 ὥρα,
324 2725 417 2809 ἀνειν
445 2726 549 2810 αὐτὴν
572 2725 700 2794 ἐκέλευε
723 2725 833 2816 ἑωυτῷ
858 2728 891 2804 ἐς
913 2729 1000 2806 ὄψιν.
1046 2729 1090 2802 ιθς

85 2834 121 2902 δὲ
145 2837 245 2920 ἀχθη,
269 2841 422 2918 παρῆσαν
440 2829 494 2897 καὶ
514 2833 549 2897 οί
564 2831 720 2918 ἀδελφεοὶ
739 2833 839 2916 αὐτῆς
858 2833 898 2898 οὔ
917 2855 957 2918 κη
976 2833 1089 2918 πρόσω

84 2941 226 3024 σκοπιὴν
250 2941 379 3024 ἔχοντες
400 2939 538 3003 τούτων.
581 2939 783 3021 εἰρωτῶντος
800 2936 837 3004 δὲ
859 2947 919 3004 τοῦ
942 2940 1089 3023 Δαρείου

84 3047 238 3129 ὁποδαπὴ
268 3051 333 3128 εἰη,
362 3047 490 3127 ἔφασαν
517 3043 552 3108 οί
570 3047 739 3128 νεηνίσκοι
762 3038 846 3109 εἰναι
870 3046 1014 3120 Παίονες
1035 3041 1090 3110 καί
1222 3045 1225 3051 ’

85 3155 218 3236 ἐκείνην
246 3145 332 3217 εἰναι
354 3149 467 3233 σφέων
490 3149 663 3234 ἀδελφεήν.
709 3149 727 3214 δ
751 3143 782 3214 δ’
808 3147 974 3234 ἀμείβετο,
1002 3152 1090 3228 τίνες

86 3258 121 3325 δὲ
145 3259 181 3325 οί
203 3260 348 3333 Παίονες
374 3258 552 3341 ἀνθρωποί
572 3256 635 3320 εἰσι
661 3250 715 3319 καί
742 3262 804 3320 κοῦ
826 3262 886 3339 γῆς
909 3253 1088 3340 οἰκημένοι,

85 3363 138 3430 καὶ
165 3367 203 3429 τί
226 3373 332 3428 κεῖνοι
355 3359 526 3437 ἐθέλοντες
549 3363 682 3425 ἔλθοιεν
706 3359 738 3436 ές
761 3359 895 3446 Σάρδις.
941 3361 977 3427 οἰ
997 3360 1036 3426 δέ
1057 3361 1092 3426 οἰ

87 3473 231 3558 ἔφραζον
250 3467 295 3544 ὡς
308 3469 441 3532 ἔλθοιεν
457 3461 518 3551 μὲν
537 3464 650 3555 έκείνφ
666 3465 828 3544 δώσοντες
842 3464 944 3549 σφέας
958 3466 1087 3548 αὐτούς,
