2632 3970
417 295 484 351 ΜΒ.
498 295 544 350 lx.
583 295 658 351 οΑΡ.
678 304 799 352 ιε-εε.
1046 297 1113 361 335

109 447 170 502 τοῦ
192 438 300 523 ἥρωος
322 439 377 504 διά
399 440 513 524 ὄχθων
535 464 571 505 τε
594 440 655 505 οὐκ
677 441 815 523 ὑψηλῶν
833 439 889 506 καὶ
908 439 1032 507 ἀπέδου
1049 465 1112 526 χω-

110 546 195 624 ρίου.
240 543 386 610 ἐνθαῦτα
413 545 450 610 ἐν
476 554 515 631 τῇ
543 545 670 624 διατάξι
698 544 826 630 ἐγένετο
854 549 964 630 λόγων
990 549 1113 624 πολλὸς
1131 566 1167 615 26

110 649 259 734 ὠθισμὸς
285 650 471 735 Τεγεητέων
493 675 528 716 τε
550 649 606 718 καὶ
625 648 828 736 Ἀθηναίων·
860 652 1026 718 ἐδικαίευν
1048 656 1112 738 γὰρ

110 753 205 820 αὐτοὶ
232 754 379 843 ἑκάτεροι
406 759 493 842 ἔχειν
520 758 557 822 τὸ
587 757 700 844 ἕτερον
722 757 834 844 κέρας,
861 755 916 823 καὶ
938 761 1035 823 καινά
1056 757 1113 824 καὶ

109 862 231 926 παλαιά
262 860 510 947 παραφέροντες
536 865 624 948 ἔργα.
673 873 772 929 τοῦτο
802 859 863 948 μὲν
896 864 931 927 οί
958 867 1113 948 Τεγεῆται

109 968 224 1050 ἔλεγον
250 968 341 1032 τάδε·
368 963 481 1052 Ἡμεῖς
509 970 577 1034 αἰεί
599 992 675 1035 κοτε
704 968 883 1054 ἀξιεύμεθα
910 970 1031 1052 ταύτης
1056 979 1114 1053 τῆς

108 1070 217 1149 τάξιος
244 1071 280 1136 ἐκ
305 1083 372 1137 τῶν
400 1074 579 1159 συμμάχων
607 1073 777 1158 ἀπάντων,
810 1075 885 1140 ὅσαι
912 1075 976 1158 ἤδη
1004 1074 1113 1152 ἔξοδοι

108 1175 219 1243 κοιναὶ
245 1177 399 1261 ἐγένοντο
423 1184 725 1264 Πελοποννησίοισι
751 1178 806 1246 καλ
833 1181 870 1245 τὸ
894 1181 1035 1245 παλαιὸν
1058 1179 1114 1246 καὶ

108 1284 146 1348 τὸ
178 1279 272 1365 νέον,
305 1282 338 1362 ἐξ
368 1283 497 1350 ἐκείνου
526 1295 587 1350 τοῦ
615 1289 741 1372 χρόνου
771 1286 876 1351 ἐπείτε
900 1280 1113 1370 Ἡρακλεῖδαι

110 1388 286 1474 ἐπειρῶντο
323 1392 403 1473 μετά
435 1392 494 1456 τὸν
529 1391 727 1476 Εὐρυσθέος
761 1391 912 1456 θάνατον
946 1395 1115 1470 κατιόντες

110 1495 143 1571 ἐς
170 1497 439 1578 Πελοπόννησον.
484 1500 557 1562 τότε
584 1498 751 1583 εὑρόμεθα
779 1505 879 1561 τοῦτο
903 1496 959 1561 διὰ
980 1507 1114 1582 πρῆγμα

108 1601 253 1666 τοιόνδε·
272 1599 341 1666 ἐπεὶ
354 1605 433 1686 μετά
448 1601 587 1688 Ἀχαιῶν
605 1601 799 1678 καλἸώνων
816 1614 884 1668 τῶν
901 1607 975 1669 τότε
989 1603 1114 1668 ἐόντων

110 1708 147 1773 ἐν
174 1708 420 1794 Πελοποννήσῳ
452 1707 717 1791 ἐκβοηθήσαντες
744 1707 777 1784 ἐς
803 1708 862 1772 τὸν
886 1701 1022 1792 Ἰσθμὸν
1050 1708 1113 1786 ίζό-

110 1819 197 1899 μεθα
228 1812 335 1877 ἀντίοι
365 1825 451 1878 τοῖσι
482 1823 647 1897 κατιοῦσι,
683 1816 756 1878 τότε
790 1808 837 1878 ὧν
868 1816 966 1897 λόγος
989 1809 1114 1878 Ὕλλον

110 1919 358 2004 ἀγορεύσασθαι
376 1919 421 1996 ὡς
434 1921 532 2006 χρεὸν
552 1925 601 2002 είη
622 1921 682 1984 τὸν
696 1915 756 2003 μὲν
771 1919 911 2002 στρατὸν
924 1926 969 2006 τῷ
985 1927 1113 2006 στρατῷ

110 2025 154 2110 μὴ
177 2023 449 2090 ἀνακινδυνεύειν
473 2025 719 2110 συμβάλλοντα,
742 2023 778 2088 ἐκ
801 2020 837 2088 δὲ
860 2032 919 2088 τοῦ
943 2028 1113 2088 Πελοπον-

110 2132 230 2213 νησίου
266 2129 489 2215 στρατοπέδου
524 2132 584 2195 τὸν
616 2129 658 2194 ἀν
689 2128 801 2214 σφέων
833 2129 943 2193 αὐτῶν
975 2132 1114 2214 κρίνωσι

111 2230 197 2299 εἶναι
223 2235 375 2320 ἀρισιον,
401 2238 521 2301 τοῦτόν
549 2237 585 2302 οί
604 2243 854 2320 μουνομαχῆσαι
877 2232 929 2300 ἐπλ
953 2233 1112 2319 διακειμέ-

110 2356 208 2405 νοισι.
258 2340 352 2418 ἔδοξέ
380 2364 415 2406 τε
446 2353 533 2406 τοῖσι
563 2343 864 2424 Πελοποννησίοισι
894 2349 996 2406 ταῦτα
1028 2336 1114 2406 εἶναι
1171 2337 1175 2345 “

110 2444 246 2527 ποιητέα
272 2444 327 2510 καλ
356 2450 476 2532 ἐταμον
503 2448 618 2531 ὅρκιον
641 2444 694 2512 ἐπὶ
717 2449 804 2534 λόγῳ
827 2448 960 2535 τοιῷδε,
987 2447 1030 2531 ἢν
1052 2445 1115 2531 μὲν

111 2550 231 2627 Ὕλλος
251 2555 370 2638 νικήση
392 2554 451 2618 τὸν
475 2555 757 2636 Πελοποννησίων
779 2552 940 2636 ἡγεμόνα,
967 2551 1114 2618 κατιέναι

108 2642 321 2742 Ἡρακλείδας
344 2655 396 2722 ἐπὶ
413 2660 453 2723 τά
471 2660 628 2744 πατρώια,
646 2658 689 2742 ἢν
708 2654 745 2724 δὲ
762 2664 897 2743 νικηθῇ,
915 2659 955 2722 τά
974 2660 1115 2742 ἔμπαλιν

104 2759 321 2847 Ἡρακλείδας
343 2761 612 2829 ἀπαλλάσσεσθαι
634 2761 689 2827 καὶ
712 2762 849 2846 ἀπάγειν
872 2763 933 2844 τὴν
956 2763 1115 2848 στρατιὴν

111 2868 227 2934 ἑκατόν
244 2891 280 2932 τε
298 2867 398 2934 ἐτέων
416 2869 459 2953 μὴ
479 2871 611 2952 ζητῆσαι
628 2868 771 2934 κάτοδον
790 2867 823 2944 ἐς
842 2869 1114 2949 Πελοπόννησον.

110 2978 293 3060 προεκρίθη
312 2997 348 3040 τε
366 2976 407 3058 δὴ
427 2975 463 3040 ἐκ
479 2975 613 3039 πάντων
632 2975 812 3058 συμμάχων
831 2973 1009 3056 ἐθελοντὴς
1021 2970 1114 3056 Ἐχε-

110 3104 171 3164 μος
200 3081 219 3146 ὁ
243 3076 406 3165 Ἠερόπου
432 3089 493 3146 τοῦ
522 3079 664 3163 Φηγέος,
693 3081 874 3164 στρατηγός
900 3101 935 3142 τε
967 3076 1031 3142 ἐὼν
1058 3076 1113 3144 καὶ

111 3188 265 3268 βασιλεὺς
287 3185 453 3270 ἡμέτερος,
476 3183 532 3250 καὶ
555 3183 805 3269 ἐμουνομάχησέ
820 3207 855 3248 τε
873 3179 927 3248 καὶ
947 3181 1114 3250 ἀπέκτεινε

111 3289 243 3356 Ὕλλον.
289 3291 325 3356 ἐκ
345 3291 466 3356 τούτου
488 3299 549 3356 τοῦ
571 3293 672 3372 ἔργου
695 3289 861 3375 εὑρόμεθα
884 3289 921 3354 ἐν
944 3292 1113 3354 Πελοπον-

110 3399 256 3478 νησίοισι
282 3407 369 3462 τοῖσι
395 3397 468 3461 τότε
494 3391 550 3459 καὶ
576 3395 659 3458 ἀλλα
687 3391 784 3478 γέρεα
812 3394 950 3478 μεγάλα,
980 3395 1020 3458 τά
1043 3395 1113 3458 δια-

110 3498 263 3584 τελέομεν
299 3504 444 3585 ἔχοντες,
480 3495 534 3565 καὶ
567 3507 627 3564 τοῦ
663 3498 775 3585 κέρεος
811 3507 871 3564 τοῦ
903 3497 1016 3586 ἑτέρου
1048 3499 1112 3566 alez
