2678 3970
423 267 490 324 ΜΒ.
506 267 565 324 vll.
603 269 681 324 οΑΡ.
702 275 857 325 τεο-ιω.
1079 271 1143 336 203

141 410 176 488 ές
197 412 257 477 τὸν
276 409 394 495 δῆμον,
416 423 546 496 γνῶμαι
564 410 618 478 καλ
637 413 734 478 ἄλλαι
751 412 870 479 πολλαὶ
888 416 1039 496 γίνονται
1057 416 1109 494 διζ
1130 456 1144 466 -

140 515 253 601 μένων
283 518 322 583 τὸ
353 521 514 602 μαντήιον
545 517 600 584 καλ
632 519 705 584 αἵδε
733 531 965 602 συνεστηκυῖαι
993 521 1145 604 μάλιστα·

139 635 208 690 τῶν
239 623 472 711 πρεσβυτέρων
508 627 623 708 ἔλεγον
654 624 854 709 μετεξέτεροι
891 623 1019 691 δοκέειν
1051 631 1145 711 σφίσι

139 731 200 795 τὸν
228 731 313 795 θεὸν
339 731 400 813 τήν
427 730 607 816 ἀκρόπολιν
634 739 753 815 χρῆσαι
779 729 1004 817 περιέσεσθαι·
1034 733 1056 816 ή
1082 737 1145 819 γὰρ

140 835 319 921 ἀκρόπολις
349 837 386 900 τὸ
416 837 517 901 παλαι
542 847 611 902 τῶν
634 834 805 920 Ἀθηνέων
834 836 924 925 ῥηχῷ
953 837 1144 921 ἐπέφρακτο.

140 942 177 1007 οί
196 937 257 1026 μὲν
281 942 322 1021 δή
346 943 441 1022 [κατὰ
461 943 521 1007 τὸν
540 943 709 1026 φραγμὸν]
730 943 973 1026 συνεβάλλοντο
992 951 1089 1008 τοῦτο
1108 946 1145 1010 τὸ

140 1047 277 1126 ξύλινον
299 1058 405 1132 τεῖχος
427 1041 523 1130 εἶναι,
548 1049 583 1112 οί
603 1045 633 1113 δ’
661 1043 704 1114 αὖ
726 1051 842 1131 ἔλεγον
860 1049 918 1125 τδις
935 1047 1012 1125 νέας
1030 1053 1146 1133 σημαί-

138 1177 213 1219 νειν
235 1155 414 1236 τὸνθεόν,
441 1151 497 1218 καὶ
519 1155 638 1231 ταύτας
660 1153 905 1241 παραρτέεσθαι
932 1153 1084 1220 ἐκέλευον
1106 1157 1146 1220 τὰ

141 1261 225 1324 ἄλλα
248 1257 396 1336 ἀπέντας.
432 1261 511 1336 τοὺς
533 1255 582 1325 ὦν
601 1261 642 1344 δή
660 1261 718 1337 τδις
734 1259 813 1337 νέας
830 1259 987 1344 λέγοντας
1005 1255 1090 1326 εἶναι
1108 1263 1145 1326 τὸ

140 1365 277 1444 ξύλινον
303 1376 410 1450 τεῖχος
431 1368 574 1450 ἔσφαλλε
597 1368 637 1431 τὰ
660 1367 721 1431 δύο
744 1367 785 1431 τδι
806 1371 976 1432 τελευταῖα
999 1365 1145 1452 ρηθέντα

140 1472 205 1537 ὑπὸ
228 1480 285 1555 τής
308 1474 458 1555 Πυθίης,

202 1569 241 1643 Ὦ
262 1580 339 1660 θείη
363 1581 527 1662 Σαλαμίς,
550 1577 682 1655 ἀπολεῖς
703 1575 743 1649 δὲ
766 1581 809 1643 σὺ
830 1578 928 1644 τέκνα
950 1590 1119 1662 γυναικῶν

198 1683 249 1748 Ἤ
267 1704 333 1748 που
356 1682 576 1768 σκιδναμένης
598 1671 792 1769 Δημήτερος
813 1683 835 1767 ή
858 1685 1047 1768 συνιούσης.

140 1791 224 1854 κατὰ
244 1798 347 1854 ταῦτα
369 1791 410 1854 τδι
432 1792 511 1854 ἐπεα
533 1788 729 1873 συνεχέοντο
754 1790 791 1853 αἱ
810 1801 939 1873 γνῶμαι
956 1801 1024 1854 τῶν
1043 1791 1145 1875 φαμέ-

8 1920 17 1944 >
140 1919 211 1961 νων
233 1896 290 1971 τὰς
311 1893 389 1971 νέας
410 1896 448 1959 τὸ
472 1894 607 1972 ξύλινον
625 1906 731 1979 τεῖχος
749 1890 848 1959 εἶναι·
871 1897 906 1960 οί
920 1897 983 1979 γὰρ
1003 1913 1145 1981 χρησμο-

140 2004 235 2084 λόγοι
256 2001 359 2085 ταύτη
381 2009 484 2065 ταῦτα
507 1999 703 2083 ἐλάμβανον,
727 2000 771 2077 ὡς
794 1998 878 2084 ιἰμφὶ
897 2005 1072 2084 Σαλαμῖνα
1095 2004 1149 2067 δεῖ

140 2125 245 2192 σφεας
268 2105 458 2189 ἑσσωθῆναι
479 2110 667 2190 ναυμαχίην
689 2105 1052 2191 παρασκευασαμένους.
1093 2103 1136 2191 ἦν
1148 2125 1195 2176 143

140 2210 179 2277 δέ
201 2221 269 2277 τῶν
290 2235 341 2289 τις
367 2209 557 2294 Ἀθηναίων
578 2211 663 2298 ἀνήρ
691 2212 725 2288 ές
746 2213 896 2296 πρώτους
922 2210 1042 2277 νεωστί
1064 2235 1145 2297 παρ-

140 2319 217 2400 ιών,
245 2325 291 2406 τῷ
320 2317 448 2400 οὕνομα
471 2314 531 2401 μέν
553 2313 597 2400 ήν
619 2317 872 2401 Θεμιστοκλέης,
900 2329 977 2394 παῖς
999 2315 1037 2384 δέ
1059 2322 1144 2385 Νεο-

139 2423 235 2500 κλέος
257 2421 416 2489 έκαλέετο.
453 2418 551 2499 οὗτος
572 2424 663 2509 ὡνήρ
687 2424 748 2488 οὐκ
771 2427 835 2508 ἔφη
852 2433 919 2490 πᾶν
937 2424 1050 2510 ὀρθῶς
1066 2429 1145 2502 τοὺς

139 2533 389 2616 χρησμολόγους
407 2529 666 2613 συμβάλλεσθαι,
686 2529 792 2613 λέγων
810 2531 931 2614 τοιοίδε,
951 2533 983 2596 εί
999 2531 1032 2608 ἐς
1047 2529 1144 2615 Ἀθη-

138 2640 256 2713 ναίους
282 2631 348 2720 εἶχε
374 2637 412 2700 τὸ
439 2638 516 2712 ἔπος
542 2635 717 2720 εἰρημένον
744 2637 880 2719 ἐόντως,
908 2637 969 2701 οὐκ
992 2636 1034 2701 ἂν
1057 2638 1143 2701 οὕτω

139 2767 197 2828 μιν
227 2741 356 2808 δοκέειν
382 2742 487 2824 ήπ’ως
513 2747 716 2828 χρησθῆναι,
745 2741 827 2807 ἀλλὰ
854 2737 918 2806 ὧδε
946 2732 984 2805 Ὠ
1013 2745 1143 2826 σχετλίη

7 2923 12 2942 Ρ
139 2852 300 2934 Σαλαμίς,
324 2845 398 2912 ἀντὶ
415 2856 476 2912 τοῦ
494 2838 532 2911 Ὦ
549 2851 626 2930 θείη
644 2851 805 2931 Σαλαμίς,
824 2853 858 2911 εί
871 2845 933 2930 πέρ
951 2869 988 2928 γε
1007 2850 1144 2930 ἔμελλον

139 2955 175 3018 οί
191 2956 360 3039 οἰκήτορες
377 2947 460 3038 ἀμφ’
481 2953 563 3037 αὐτή
581 2954 797 3034 τελευτήσειν.
835 2951 917 3016 ἀλλὰ
933 2953 996 3035 γὰρ
1015 2951 1048 3028 ἐς
1065 2955 1144 3030 τοὺς

138 3062 316 3144 πολεμίους
346 3067 392 3146 τῷ
424 3065 494 3146 θεῷ
528 3061 682 3144 είρήσθαι
708 3059 746 3122 τὸ
773 3059 974 3140 χρηστήριον
1001 3055 1152 3142 συλλαμ-Δ

138 3166 277 3248 βάνοντι
294 3166 376 3230 κατὰ
393 3166 431 3230 τὸ
451 3165 569 3249 ὀρθόν,
588 3161 659 3228 ἀλλ’
682 3163 743 3228 οὐκ
762 3163 794 3238 ἐς
805 3157 1011 3245 Ἀθηναίους.
1040 3185 1144 3249 παρα-

139 3271 356 3349 σκευάζεσθαι
373 3266 420 3335 ὧν
435 3270 557 3346 αὐτοὺς
570 3269 614 3344 ῶς
627 3270 899 3352 ναυμαχήσοντας
912 3270 1142 3354 συνεβούλευε,

138 3377 183 3453 ὡς
199 3379 321 3442 τούτου
341 3376 454 3452 ἐόντος
471 3384 532 3440 τοῦ
551 3375 687 3454 ξυλίνου
704 3377 834 3457 τείχεος.
870 3374 972 3458 ταύτη
987 3378 1142 3460 Θεμιστο-

137 3479 232 3558 κλέος
258 3480 530 3566 ἀποφαινομένου
556 3475 727 3563 Ἀθηναῖοι
749 3488 851 3544 ταῦτα
874 3483 969 3564 σφίσι
992 3483 1143 3562 ἔγνωσαν
