2632 3970
223 262 289 325 350
633 259 821 314 HERODOTI

224 402 450 480 ἐστοξεύοντες
463 403 546 469 ὥστε
561 402 770 480 ίπποτοξόται
786 424 822 466 τε
842 401 952 477 ἐόντες
969 399 1024 466 καλ
1040 403 1225 487 προσφέρε-

223 514 305 573 σθαι
327 509 460 594 ἄποροι·
490 510 552 591 τήν
574 531 609 572 τε
631 509 758 590 κρήνην
778 508 841 589 τήν
863 509 1074 592 Γαργαφίην,
1104 506 1162 572 ἀπ’
1188 505 1226 591 ής

222 613 381 698 ὑδρεύετο
394 621 461 678 πάν
472 615 512 678 τὸ
525 613 709 697 στράτευμα
725 613 764 676 τὸ
777 608 982 695 Ἑλληνικόν,
999 613 1226 696 συνετάραξαν

222 717 278 784 καὶ
300 719 502 805 συνέχωσαν.
537 714 624 802 ἦσαν
646 714 707 802 μὲν
730 713 778 782 ὧν
797 719 880 782 κατά
897 718 958 800 τήν
974 719 1103 800 κρήνην
1120 723 1226 783 Λακε-

223 826 391 909 δαιμόνιοι
412 823 603 908 τεταγμένοι
626 831 756 906 μοῦνοι,
778 834 865 887 τοῖσι
888 820 925 887 δὲ
944 823 1075 886 ἄλλοισι
1088 821 1226 907 Ἕλλησι

222 929 244 1013 ή
262 927 323 1014 μὲν
339 933 445 1016 κρήνη
463 933 575 1014 πρόσω
590 928 727 1011 ἐγίνετο,
741 929 787 1004 ὡς
799 927 930 994 ἕκαστοι
943 930 1061 1012 ἔτυχον
1074 929 1226 1012 τεταγμέ-

222 1059 288 1118 νοι,
311 1036 330 1100 ό
352 1033 390 1100 δὲ
409 1030 553 1111 Ἀσωπὸς
575 1034 693 1117 ἀγχοῦ·
720 1033 914 1119 ἐρωιόμενοι
935 1030 973 1098 δὲ
994 1043 1055 1099 τοῦ
1073 1030 1226 1100 Ἀσωποῦ
1300 1105 1301 1112 ¹

223 1141 310 1206 ούιω
337 1142 379 1224 δή
407 1139 460 1206 ἐπὶ
485 1143 547 1223 τήν
568 1142 695 1224 κρήνην
718 1139 875 1223 ἐφοίτων·
906 1139 969 1204 ἀπὸ
992 1149 1053 1204 τοῦ
1074 1150 1226 1224 ποταμοῦ

222 1247 286 1331 γε,
309 1263 370 1330 σφι
393 1247 455 1311 ιιι
472 1245 549 1329 ew
565 1245 657 1330 ιιωρ
677 1244 860 1330 φρρεειεαι
877 1244 942 1309 ιιι
959 1267 995 1309 ιι
1011 1255 1079 1310 ιιι
1098 1245 1225 1311 cmm
1300 1227 1301 1236 '

222 1349 278 1417 καὶ
298 1350 515 1436 τοξευμάτων.
1300 1415 1301 1422 ,

171 1473 205 1522 σο
314 1459 443 1522 Τούτου
465 1453 503 1521 δέ
525 1457 680 1522 τοιούτου
709 1454 889 1540 γινομένου
916 1456 952 1520 οί
970 1467 1038 1521 τῶν
1054 1453 1225 1538 Ἑλλήνων
1300 1435 1301 1460 ¹

223 1566 414 1647 στρατηγοί,
440 1563 497 1626 άτε
523 1570 584 1625 τοῦ
606 1584 641 1626 τε
667 1561 788 1638 ύδατος
810 1564 1026 1646 στερηθείσης
1047 1571 1105 1644 τῆς
1126 1579 1225 1648 στρα-

222 1675 294 1750 τιής
318 1664 374 1731 καλ
395 1666 460 1731 ύπὸ
482 1675 540 1749 τῆς
562 1666 664 1731 ἵππου
685 1665 946 1751 ταρασσομένης,
974 1665 1225 1751 συνελέχθησαν

222 1769 298 1854 περὶ
315 1771 425 1836 αὐτῶν
442 1795 478 1836 τε
495 1773 624 1837 τούτων
641 1770 696 1835 καλ
714 1773 834 1853 άλλων,
854 1770 1010 1848 ἐλθόντες
1026 1774 1116 1856 παρὰ
1129 1777 1224 1837 Παυ-

222 1879 344 1960 σανίην
365 1876 419 1942 ἐπὶ
440 1879 478 1942 τὸ
502 1875 610 1955 δεξιὸν
633 1875 739 1961 κέρας.
775 1878 858 1941 άλλα
879 1878 943 1962 γὰρ
964 1877 1093 1942 τούτων
1115 1879 1225 1943 τοιού-
1297 1925 1301 1944 ι

220 2006 289 2048 των
326 1982 450 2048 ἐόντων
487 1985 612 2067 μᾶλλόν
643 1999 746 2066 σφεας
778 1981 906 2046 ἐλύπεε·
936 1981 1013 2048 οὔτε
1043 1984 1106 2068 γάρ
1134 1987 1223 2048 σιτία

223 2083 313 2172 εἶχον
345 2091 410 2172 ἐτι,
442 2089 478 2152 οἵ
505 2087 543 2152 τέ
572 2105 685 2171 σφεων
714 2086 856 2163 ὀπέωνες
887 2087 1161 2172 ἀποπεμφθέντες
1192 2089 1225 2166 ές

223 2196 484 2276 Πελοπόννησον
501 2195 550 2270 ὡςΙ
564 2193 816 2278 ἐπισιτιεύμενοι
834 2193 1069 2276 ἀποκεκληίατο
1083 2194 1149 2259 ὑπὸ
1167 2204 1226 2278 τῆς

222 2296 339 2378 ἵππου,
372 2298 413 2362 οὐ
445 2299 626 2382 δυνάμενοι
657 2297 834 2362 ἀπικέσθαι
861 2297 894 2374 ἐς
919 2300 958 2363 τὸ
991 2301 1223 2384 στρατόπεδον.

170 2418 203 2467 51
222 2401 495 2484 βουλευομένοισι
522 2400 560 2468 δὲ
585 2413 672 2467 τοῖσι
694 2415 906 2488 στρατηγοῖσι
928 2402 1035 2487 ἔδοξε,
1062 2403 1105 2488 ήν
1128 2406 1223 2490 ὑπερ·

222 2505 387 2589 βάλωνται
411 2506 541 2590 ἐκείνην
562 2509 624 2591 τήν
646 2508 772 2593 ἡμέρην
795 2511 830 2574 οί
846 2508 974 2593 Πέρσαι
991 2512 1162 2594 συμβολήν
1181 2513 1225 2596 μή

221 2611 427 2695 ποιεύμενοι,
455 2611 488 2688 ἐς
514 2613 575 2695 τήν
601 2621 706 2696 νήσου
736 2613 828 2678 ἰέναι.
874 2612 962 2696 ήδέ
982 2613 1051 2678 ἐστι
1077 2614 1142 2680 άπὸ
1165 2625 1226 2682 τοῦ
1300 2643 1301 2696 γ

219 2714 369 2784 Ἀσωποῦ
391 2716 447 2784 καλ
468 2727 526 2801 τῆς
547 2721 671 2803 κρήνης
691 2729 749 2802 τῆς
766 2721 969 2802 Γαργαφίης,
993 2715 1043 2784 ἐπ’
1068 2711 1223 2805 ᾖέστρα-

221 2825 440 2890 τοπεδεύοντο
466 2826 554 2906 τότε,
583 2822 660 2889 δέκα
688 2825 844 2900 σταδίους
871 2823 1051 2909 ἀπέχουσα,
1080 2827 1144 2909 πρὸ
1168 2837 1226 2911 τῆς

223 2928 418 2995 Πλαταιέων
439 2931 562 3005 πόλιος.
598 2938 699 3011 νῆσος
722 2925 759 2993 δὲ
782 2929 869 2994 ούτω
893 2927 935 2994 δν
958 2935 1007 3012 εἴη
1029 2929 1066 2995 έν
1084 2931 1226 3020 ήπείρφ·
1299 2929 1301 2940 ⁴

222 3038 411 3120 σχιζόμενος
433 3034 451 3100 ὁ
473 3035 619 3118 ποταμὸς
640 3035 774 3099 άνωθεν
793 3034 829 3100 ἐκ
845 3043 906 3100 τοῦ
924 3037 1140 3120 Κιθαιρῶνος
1157 3036 1226 3122 ῥέει

220 3142 308 3206 κάτω
337 3141 370 3217 ἐς
396 3140 434 3205 τὸ
460 3141 593 3222 πεδίον,
622 3138 741 3224 διέχων
771 3135 825 3205 ἀπ’
855 3139 1006 3232 ἀλλήλων
1033 3143 1074 3206 τά
1101 3140 1226 3228 ῥέεθρα
1300 3191 1301 3210 1

221 3245 303 3310 ὅσον
321 3267 382 3330 περ
404 3247 479 3331 τρία
501 3245 629 3328 στάδια,
652 3243 707 3310 καὶ
729 3247 839 3310 ἔπειτα
856 3249 1031 3330 συμμίσγει
1051 3247 1084 3324 ἐς
1101 3247 1226 3313 τώυτό·

221 3349 348 3433 οὔνομα
380 3348 420 3414 δέ
449 3351 485 3415 οί
509 3347 634 3436 Ὠερόη.
680 3349 848 3436 θυγατέρα
876 3347 913 3416 δὲ
939 3353 1063 3435 ταύτην
1090 3352 1226 3436 λέγουσι

220 3447 306 3518 είναι
325 3448 474 3520 ’Λσωποῦ
499 3455 533 3520 οί
552 3453 729 3541 ἐπιχώριοι.
770 3455 803 3533 ἐς
825 3463 944 3522 τοῦτον
968 3457 1008 3540 δή
1031 3459 1090 3522 τὸν
1112 3469 1226 3546 χῶρον
