2678 3968
459 253 525 309 ΗΒ.
539 253 611 308 v111.
648 255 724 310 cAP.
744 262 866 311 61-65.
1099 257 1165 322 279

249 396 337 482 Ἔφη
370 394 407 464 δέ
435 401 573 475 Δίκαιος
604 398 622 464 ό
653 399 835 476 Θεοκύδεος
867 399 950 484 ἀνὴρ
976 398 1164 485 Ἀθηναῖος,
1183 421 1221 471 65

163 505 274 589 φνγάς
291 528 326 570 τε
348 501 402 569 καὶ
424 505 512 588 παρὰ
530 504 681 586 Μῆδοισι
699 506 834 588 λόγιμος
851 508 1028 590 γενόμενος
1045 517 1167 573 τοῦτον

163 612 223 676 τὸν
248 612 385 696 χρόνον,
414 608 518 674 ἐπείτε
545 608 687 695 ἐκείρετο
714 609 735 692 ῆ
760 607 884 694 Ἀττικῇ
907 614 996 698 χώρη
1019 613 1083 679 ὑπὸ
1105 623 1166 679 τοῦ

164 719 262 795 πεζοῦ
290 723 432 800 στρατοῦ
457 723 518 780 τοῦ
542 715 680 800 Ξέρξεω,
701 714 802 780 ἐοῦσα
828 719 949 801 ἔρημος
967 715 1166 801 Ἀθηναίων,

165 832 276 906 τυχεῖν
297 824 371 887 τότε
394 821 458 888 ἐὼν
480 822 547 905 ἅμα
570 823 758 909 Δημαρήτῳ
785 829 830 909 τῳ
854 823 1106 912 Λακεδαιμονίῳ
1130 825 1167 891 ἐν

165 937 210 1016 τῳ
234 931 380 1016 Θριασίῳ
407 928 526 1014 πεδίῳ,
555 928 640 992 ίδεῐν
663 923 700 992 δὲ
721 929 898 1014 κονιορτὸν
919 928 1086 1015 χωρέοντα
1109 929 1186 996 ἀπ’·

162 1031 349 1110 Ἐλευσῖνος
376 1033 420 1109 ὡς
446 1032 580 1117 ἀνδρῶν
607 1033 746 1116 μάλιστά
772 1057 813 1120 κη
841 1038 1060 1120 τρισμυρίων,
1089 1035 1169 1101 ἀπο-

164 1140 332 1224 θωμάζειν
354 1137 391 1204 τί
411 1156 515 1223 σφεας
537 1140 596 1204 τὸν
617 1141 794 1224 κονιορτὸν
816 1141 919 1206 ὅτεών
941 1164 1017 1207 κοτε
1039 1147 1089 1225 εἴη
1112 1142 1170 1208 ἀν-

165 1247 324 1332 θρώπων,
342 1242 397 1310 καὶ
415 1247 556 1330 πρόκατε
575 1254 690 1329 φωνῆς
708 1245 853 1329 ἀκούειν,
872 1249 931 1312 καί
942 1248 977 1312 οί
988 1251 1170 1332 φαίνεσθαι

166 1353 227 1436 τῆν
249 1353 367 1436 φωνὴν
390 1345 475 1416 εἶναι
496 1351 555 1415 τὸν
573 1352 732 1435 μυστικὸν
751 1357 874 1437 ἴακχον.
912 1349 1046 1419 είναιδ
1069 1354 1171 1438 ἀδαή-

166 1481 253 1542 μονα
279 1468 347 1523 τῶν
375 1457 457 1540 ίρῶν
478 1467 545 1521 τῶν
573 1456 609 1522 ἐν
628 1455 790 1523 Ἐλευσῖνι
811 1458 998 1543 γινομένων
1019 1461 1079 1525 τὸν
1100 1466 1172 1544 Δη-

166 1565 330 1650 μάρητον,
353 1561 502 1648 εἰρέσθαι
523 1583 559 1627 τε
582 1562 684 1627 αὐτὸν
707 1563 839 1629 ὅτιτὸ
863 1568 1097 1650 φθεγγόμενον
1120 1571 1170 1650 εἴη

166 1678 274 1736 τοῦτο.
312 1669 411 1744 αὐτὸς
434 1665 470 1733 δὲ
493 1669 611 1733 εἰπεῖν·
634 1669 823 1754 Δημάρητε,
847 1670 909 1735 οὐκ
931 1673 1001 1736 ἐστι
1024 1672 1107 1748 ὅκως
1130 1672 1172 1737 ού

167 1773 251 1860 μέγα
272 1798 305 1839 τι
331 1777 424 1850 σίνος
451 1775 542 1838 ἔσται
570 1781 610 1858 τῇ
636 1773 788 1856 βασιλέος
815 1785 959 1861 στρατιῇ.
1004 1776 1081 1842 τάδε
1108 1778 1172 1862 γάρ

168 1881 324 1966 ἀρίδηλα,
356 1879 480 1964 ἐρῆμον
512 1879 631 1962 ἐούσης
656 1888 714 1962 τῆς
738 1877 897 1964 Ἀττικῆς,
931 1882 982 1946 ότι
1010 1888 1108 1948 θεῖον
1133 1884 1172 1948 τὸ

169 1988 418 2071 φθεγγόμενον,
450 1981 505 2050 ἀπ’
535 1981 722 2062 Ἐλευσῖνος
750 1986 803 2051 ίὸν
831 1985 864 2062 ἐς
890 1989 1051 2072 τιμωρίην
1075 1984 1174 2071 Ἀθη-
1281 1975 1289 1986 ⁴

162 2096 298 2159 ’ναίοισί
318 2115 353 2156 τε
375 2087 430 2156 καλ
452 2101 539 2156 τοίσι
562 2091 770 2174 συμμάχοισι.
805 2089 860 2156 καὶ
878 2091 921 2175 ῆν
936 2093 1000 2176 μέν
1016 2117 1055 2176 γε
1076 2116 1173 2159 κατα-

170 2201 278 2284 σκῆύη
294 2197 327 2275 ἐς
344 2198 405 2280 τῆν
419 2198 692 2279 Πελοπόννησον,
710 2197 868 2273 κίνδυνος
886 2197 974 2285 αὐτῷ
993 2220 1028 2262 τε
1046 2197 1176 2281 βασιλέϊ

170 2302 225 2370 καὶ
246 2313 285 2389 τῇ
308 2311 443 2388 στρατιῇ
465 2311 505 2387 τῇ
527 2302 564 2368 ἐν
587 2309 626 2386 τῇ
648 2301 772 2390 ῆπείρῳ
796 2304 898 2386 ἔσται,
920 2302 963 2386 ῆν
986 2300 1023 2369 δὲ
1046 2302 1099 2369 ἐπὶ
1116 2306 1175 2382 τάς

169 2409 246 2487 νέας
268 2409 428 2494 τράπηται
450 2409 508 2485 τάς
526 2407 562 2474 ἐν
580 2412 758 2492 Σαλαμῖνι,
778 2409 838 2474 τὸν
855 2410 1013 2474 ναυτικὸν
1033 2404 1174 2495 στρατὸν

170 2516 379 2581 κινδυνεύσει
402 2516 557 2598 βασιλεὺς
574 2513 761 2596 ἀποβαλεῖν.
797 2514 859 2596 τῆν
877 2510 913 2579 δὲ
932 2513 1033 2600 ὁρτὴν
1051 2517 1182 2598 ταύτην

170 2622 290 2704 ἀγονσι
316 2618 490 2704 Ἀθηναῖοι
521 2618 585 2685 ἀνά
610 2619 716 2685 πάντα
744 2621 816 2684 ἐτεα
842 2627 881 2704 τῇ
908 2618 1022 2704 Μητρὶ
1054 2618 1108 2684 καὶ
1135 2629 1175 2705 τῇ

170 2729 303 2814 Κούρη,
334 2724 390 2791 καὶ
422 2727 532 2792 αὐτῶν
553 2749 589 2790 τε
616 2725 634 2791 ό
661 2727 863 2809 βουλόμενος
889 2722 944 2788 καὶ
970 2735 1038 2788 τῶν
1065 2724 1176 2790 ἀλλων

166 2831 336 2917 Ἐλλήνων
350 2843 491 2917 μυεῖται·
509 2830 565 2897 καὶ
581 2832 643 2915 τῆν
663 2832 782 2916 φωνῆν
799 2839 856 2913 τῆς
874 2828 1004 2905 ἀκούεις
1023 2829 1059 2893 ἐν
1073 2831 1175 2915 ταύτη

170 2949 210 3026 τῇ
237 2940 317 3026 ὁρτῇ
346 2939 542 3023 ίακχάζουσι.
588 2939 672 3023 πρὸς
700 2945 803 3001 ταῦτα
831 2935 935 2999 εἰπεῖν
958 2935 1176 3020 Δημάρητον·

171 3048 260 3129 Σίγα
282 3069 317 3111 τε
339 3043 395 3111 καί
417 3042 533 3129 μηδενὶ
554 3045 642 3131 ἄλλῳ
661 3043 720 3107 τὸν
738 3043 840 3123 λόγον
857 3047 978 3104 τοῦτον
996 3045 1097 3124 εἴπης.
1133 3039 1177 3124 ῆν

171 3153 236 3237 γάρ
267 3175 319 3217 τοι
351 3151 384 3228 ἐς
415 3148 550 3234 βασιλέα
578 3148 754 3231 ἀνενειχθῇ
781 3147 820 3210 τὰ
847 3147 925 3210 ἔπεα
951 3153 1068 3227 ταῦτα,
1096 3144 1176 3212 ἀπο-

171 3255 299 3342 βαλέεις
316 3257 378 3341 τῆν
395 3258 555 3340 κεφαλήν,
573 3255 632 3317 καί
642 3267 679 3316 σε
698 3252 774 3316 ούτε
793 3250 856 3333 ἐγὼ
875 3251 1061 3334 δυνῆσομαι
1076 3249 1177 3337 βύσα-

172 3369 255 3428 σθαι
274 3359 345 3428 οὔτ’
367 3363 466 3438 ἀλλος
483 3359 673 3444 ἀνθρώπων
696 3353 775 3422 οὐδὲ
793 3348 848 3434 είς.
883 3351 953 3422 ἀλλ’
975 3353 1021 3441 ἔχ’
1043 3357 1176 3442 ῆσυχος,

171 3466 248 3552 περὶ
276 3466 313 3534 δὲ
340 3475 492 3551 στρατιῆς
518 3466 617 3548 τῆσδε
643 3469 754 3529 θεοῖσι
776 3464 919 3554 μελήσει.
964 3463 1024 3526 τὸν
1049 3458 1176 3546 μὲνδὴ
