2678 3970
114 247 116 256 ’
218 256 282 319 190
628 250 814 306 Ηιιωοοοτι

216 398 304 482 παρά
330 398 504 463 θάλασσαν
532 400 617 482 ἔχων
639 395 834 480 οἰκημένους
859 395 897 461 έν
920 393 1021 478 νηυσὶ
1044 411 1222 480 στρατευο-

216 501 348 587 μένους,
372 505 450 579 τοὺς
473 497 504 568 δ’
529 499 612 586 ὑπὲρ
635 501 806 584 θαλάσσης
827 503 905 585 πεζῇ
928 498 1118 579 ἑπομένους.
1157 503 1222 586 τὴν
1313 525 1314 536 ’

217 603 254 673 δὲ
286 607 367 673 ὁδὸν
404 609 541 692 ταύτην,
577 615 617 692 τῇ
648 609 802 690 βασιλεὺς
833 605 956 692 Ξέρξης
986 608 1045 672 τὸν
1077 609 1223 692 στρατὸν

215 713 326 796 ἤλασε,
343 713 425 780 ὀὔτε
448 713 625 799 συγχέουσι
647 714 786 798 Θρήικες
808 708 878 778 οὔτ’
906 712 1142 795 ἐπισπείρουσι,
1167 711 1220 778 σέ-

215 811 335 901 βονταί
353 843 388 885 τε
411 821 558 904 μεγάλως
579 820 617 884 τὸ
640 818 734 903 μέχρι
757 818 843 902 ἐμεῦ.
886 817 931 895 όις
954 814 992 882 δὲ
1013 818 1078 902 ἀρα
1101 817 1135 894 ἐς
1156 819 1219 902 τὴν

164 922 391 992 116Ἀκανθον
419 927 566 1007 ἀπίκετο,
595 924 719 1008 ξεινίην
741 947 776 989 τε
804 924 822 989 ὁ
845 922 968 1009 Ξέρξης
993 934 1080 989 τοῖσι
1104 921 1219 990 Ἀκαν-

214 1034 322 1095 θίοισι
350 1041 485 1117 προεῖπε
511 1028 567 1096 καὶ
594 1029 782 1114 ἐδωρήσατό
809 1045 913 1114 σφεας
941 1029 1057 1113 ἐσθῆτι
1079 1031 1220 1115 Μηδικῇ

215 1134 347 1201 έπαίνεέ
361 1159 407 1219 τε,
425 1131 532 1222 ὁρέων
549 1132 604 1200 καὶ
622 1135 743 1211 αὐτοὺς
760 1135 957 1220 προθύμους
974 1135 1089 1210 ἐόντας
1106 1135 1140 1211 ἐς
1156 1137 1219 1201 τὸν

163 1259 213 1308 117
224 1243 368 1325 πόλεμον
385 1239 440 1306 καὶ
458 1243 495 1307 τὸ
515 1223 643 1326 ὄρυγμα
657 1240 797 1305 ἀκούων.
829 1239 867 1305 ἐν
877 1236 1029 1326 Ἀκάνθῳ
1048 1236 1086 1305 δὲ
1104 1240 1219 1317 ἐόντος

213 1344 342 1431 Ξέρξεω
356 1349 528 1430 συνήνεικε
542 1346 607 1412 ὑπὸ
620 1346 747 1411 νούσου
761 1345 946 1411 ἀποθανεῖν
959 1346 1018 1411 τὸν
1035 1345 1216 1412 ἐπεστεῶτα

212 1461 271 1535 τῆς
293 1453 456 1538 διώρυχος
480 1449 688 1538 Ἀρταχαίην,
716 1452 855 1535 δόκιμον
877 1451 974 1517 έόντα
1000 1453 1088 1537 παρά
1109 1449 1217 1536 Ξέρξη

213 1556 268 1622 καί
300 1556 396 1641 γένος
423 1553 665 1643 Ἀχαιμενίδην,
697 1556 840 1641 μεγάθεΐ
865 1579 901 1621 τε
931 1555 1087 1640 μέγιστον
1118 1556 1217 1622 ἐόντα

214 1662 373 1748 Περσέων
400 1661 478 1751 (ἀπὸ
500 1665 563 1749 γάρ
585 1661 682 1728 πέντε
703 1661 835 1746 πηχέων
857 1666 1039 1747 βασιληίων
1062 1661 1216 1728 ἀπέλειπε

213 1767 368 1854 τέσσερας
386 1766 582 1853 δακτύλους)
602 1766 775 1856 φωνέοντά
787 1789 822 1832 τε
840 1765 995 1851 μέγιστον
1013 1767 1216 1852 ἀνθρώπων,

214 1876 297 1940 ὥστε
313 1875 439 1962 Ξέρξην
458 1875 635 1959 συμφορὴν
652 1871 876 1956 ποιησάμενον
894 1873 1039 1956 μεγάλην
1058 1872 1220 1951 ἐξενεῖκαί

213 2003 248 2046 τε
270 1980 373 2046 αὐτὸν
395 1982 551 2046 κάλλιστα
573 1977 627 2044 καὶ
649 1979 773 2057 θάψαι·
805 1978 999 2063 ἐτυμβοχόεε
1022 1974 1060 2044 δέ
1082 1980 1216 2063 πάσαὴ
1318 2003 1319 2008 ’

214 2089 358 2172 στρατιή.
398 2087 504 2173 τούτῳ
528 2081 565 2150 δὲ
587 2092 632 2172 τῷ
653 2081 825 2169 Ἀρταχαίῃ
848 2084 974 2148 θύουσι
988 2082 1161 2150 Ἀκάνθιοι
1178 2085 1217 2152 ἐκ

213 2196 420 2276 θεοπροπίου
441 2192 485 2268 ὡς
502 2192 596 2275 ἥρωι,
620 2191 876 2274 ἐπονομάζοντες
892 2191 929 2256 τὸ
949 2191 1085 2276 οὔνομα.
1121 2195 1216 2276 βασι-

213 2299 289 2372 λεὺς
315 2294 376 2380 μέν
403 2299 444 2380 δὴ
467 2295 590 2380 Ξέρξης
617 2296 823 2381 ἀπολομένου
847 2293 1041 2382 Ἀρταχαίεω
1069 2297 1215 2365 ἐποιέετο

162 2418 212 2466 118
223 2404 413 2487 συμφορήν·
450 2402 486 2467 οί
510 2399 547 2465 δὲ
574 2402 811 2487 ὑποδεκόμενοι
832 2399 1002 2486 Ἑλλήνων
1028 2405 1089 2488 την
1117 2422 1216 2492 στρα-

212 2507 287 2590 τιὴν
315 2505 370 2570 καί
398 2507 616 2584 δειπνίζοντες
638 2504 764 2591 Ξέρξην
790 2507 824 2584 ές
850 2515 916 2572 πάν
938 2517 1042 2574 κακοῦ
1065 2509 1215 2594 ἀπίκατο,

214 2613 300 2678 οὕτω
324 2613 406 2677 ὥστε
428 2612 604 2676 ἀνάστατοι
626 2611 750 2677 ἐκτῶν
773 2619 874 2677 οἴκων
897 2613 1059 2698 ἐγίνοντο,
1082 2616 1163 2681 όιιου
1175 2641 1216 2700 γε

214 2723 366 2786 Θασίοισι
392 2714 475 2801 ὑπὲρ
501 2728 568 2781 τῶν
596 2716 632 2782 ἐν
653 2725 693 2801 τῇ
715 2717 839 2804 ἠπείρῳ
861 2722 988 2784 πολίων
1009 2729 1077 2784 τῶν
1098 2720 1215 2805 σφετέ-

214 2851 283 2911 ρων
306 2823 511 2910 δεξαμένοισι
532 2824 594 2906 τὴν
617 2822 743 2906 Ξέρξεω
767 2826 923 2909 στρατιὴν
949 2822 1003 2889 καὶ
1026 2826 1215 2894 δειπνίσασι

211 2928 421 3017 Ἀντίπατρος
447 2928 466 2995 δ
491 2923 620 3014 Ὀργέος
646 2927 879 3014 ἀραιρημένος,
906 2940 974 2994 τῶν
997 2929 1105 2996 ἀστῶν
1128 2932 1213 3019 ἀνὴρ

215 3039 349 3122 δόκιμος
372 3039 469 3122 ὅμοια
490 3045 535 3124 τῷ
559 3037 708 3120 μάλιστα,
732 3035 865 3114 ἀπέδεξε
888 3036 921 3112 ἐς
942 3037 979 3101 τὸ
1004 3037 1141 3104 δεῖπνον
1162 3062 1214 3105 τε-

163 3145 378 3226 119τρακόσια
399 3141 541 3206 τάλαντα
560 3140 722 3227 ἀργυρίου
738 3140 957 3227 τετελεσμένα.
993 3141 1038 3218 ὣς
1055 3139 1092 3208 δὲ
1110 3165 1214 3230 παρα-

214 3250 359 3329 πλησίως
380 3245 434 3312 καὶ
457 3247 493 3313 ἐν
514 3255 590 3331 τῇσι
612 3249 730 3332 ἀλλχσι
751 3249 862 3313 πόλισι
885 3249 920 3312 οί
940 3247 1132 3327 ἐπεστεῶτες
1153 3251 1214 3318 ἀπ·

215 3354 408 3418 εδείκνυσαν
437 3353 497 3417 τὸν
530 3354 639 3435 λόγον.
689 3353 726 3417 τὸ
757 3354 820 3437 γάρ
853 3353 988 3419 δεῖπνον
1009 3358 1150 3421 τοιόνδε
1181 3381 1213 3440 τι

215 3458 351 3542 ἐγένετο,
372 3447 425 3521 οἷα
448 3455 483 3522 ἐκ
505 3462 631 3522 πολλοῦ
653 3460 776 3542 χρόνου
798 3455 1044 3552 προειρημένον,
1061 3459 1115 3526 καὶ
1137 3461 1213 3546 περὶ
