2678 3968
227 273 294 340 258
638 269 827 327 HERODOTI
857 307 859 312 ·

227 415 423 501 ἑτεραλκέως
444 414 705 501 ἀγωνιζομένους
726 415 786 494 νὺξ
810 415 997 481 ἐπελθοῦσα
1024 412 1162 478 διέλυσε.
1200 413 1235 478 οί

227 520 289 606 μέν
318 524 359 607 δή
381 521 538 608 Ἓλληνες
567 519 620 589 έπλ
645 524 682 588 τὸ
704 518 907 608 Ἀρτεμίσιου
934 518 1110 602 ἀπέπλεον,
1139 519 1176 584 ολ
1195 517 1233 585 δὲ

226 627 391 715 βάρβαροι
418 629 452 707 ἐς
472 631 530 706 τὰς
549 623 698 712 Ἀφετάς,
728 629 853 694 πολλὸν
874 628 962 711 παρὰ
989 624 1090 704 δόξαν
1112 623 1232 708 ἀγωνι-

227 734 373 817 σάμενοι.
410 735 447 801 ἐν
476 736 576 820 ταύτῃ
603 743 642 819 τῇ
669 737 834 820 ναυμαχίῃ
860 729 1057 817 Ἀντίδωρος
1082 733 1233 816 Λήμνιος

226 848 350 923 μοῦνος
370 851 438 906 τῶν
460 843 525 906 σὺν
547 839 677 924 βασιλέι
692 837 862 924 Ἑλλήνων
888 839 1013 904 ἐόντων
1040 836 1232 922 αὐτομολέει

225 943 260 1022 ἐς
281 947 360 1022 τούς
374 945 545 1030 Ἕλληνας,
568 950 628 1011 καί
643 947 679 1012 ολ
695 943 869 1030 Ἀθηναῖοι
887 946 942 1010 ὐιά
959 952 1058 1010 τοῦτο
1075 945 1113 1009 τὸ
1132 947 1232 1029 ἔργον
1320 928 1326 942 ’

169 1070 208 1120 12
227 1053 349 1117 έόοσαν
377 1049 492 1141 [αὐτῷ]
520 1063 630 1138 χῶρον
661 1052 698 1118 ἐν
728 1055 904 1136 Σαλαμῖνι.
940 1051 985 1128 ὡς
1016 1046 1054 1116 δὲ
1082 1049 1231 1135 εὐφρόνη

226 1157 390 1241 ἐγεγόνεε,
417 1154 460 1241 ήυ
487 1153 548 1243 μέν
575 1167 633 1242 τῆς
660 1159 747 1243 ὥρης
774 1159 875 1242 μέσον
901 1156 1017 1242 θέρος,
1044 1156 1170 1240 ἐγίνετο
1194 1153 1232 1222 δέ

224 1263 318 1348 ὕδωρ
345 1286 381 1330 τε
408 1266 548 1330 ἀπλετον
576 1266 631 1329 όιά
657 1265 762 1347 πάσης
790 1274 848 1348 τῆς
868 1264 988 1340 νυκτὸς
1009 1260 1064 1328 καλ
1092 1260 1233 1348 σκληραί

225 1367 365 1454 βρονταλ
387 1369 451 1435 ἀπὸ
473 1379 533 1435 τοῦ
556 1373 700 1454 Πηλίου·
724 1371 759 1435 οί
775 1366 812 1436 ab
829 1367 941 1452 νεκροὶ
958 1366 1013 1435 καλ
1030 1369 1071 1433 τά
1086 1371 1233 1452 ναυήγια
1254 1379 1256 1384 ’

225 1473 440 1560 ἐξεφορέοντο
468 1475 501 1552 ἐς
527 1477 585 1552 τάς
608 1470 757 1560 Ἀφετάς,
784 1473 839 1540 καὶ
860 1477 939 1560 περί
956 1496 992 1540 τε
1018 1475 1076 1550 τὰς
1097 1471 1233 1562 πρῴρας

224 1591 292 1646 τῶν
319 1593 407 1647 νεῶν
434 1581 578 1648 είλέουτο
605 1580 660 1648 καλ
687 1581 869 1668 ἐτάρασσον
895 1583 973 1657 τοὺς
999 1583 1141 1664 ταρσοὺς
1161 1591 1232 1646 τῶν

224 1686 370 1753 κωπέων.
408 1689 443 1752 οί
469 1684 506 1754 ὐέ
529 1699 720 1773 στρατιῶται
743 1687 779 1752 οί
796 1687 898 1772 ταύτῃ
926 1686 1103 1763 ἀκούοντες
1126 1695 1231 1752 ταῦτα

224 1791 260 1870 ἐς
281 1795 390 1877 φόβου
411 1792 615 1876 κατιστέατο,
639 1792 823 1872 ἐλπίζοντες
845 1793 954 1877 πάγχυ
977 1791 1177 1858 ἀπολέεσθαι
1197 1793 1232 1870 ές
1319 1839 1326 1872 ,

225 1890 281 1964 ολα
302 1901 385 1966 κακά
407 1896 502 1984 ήκον·
529 1897 609 1986 πρὶν
631 1901 694 1985 γάρ
716 1899 737 1984 ή
760 1897 816 1964 καλ
838 1899 1045 1964 ἀναπνεῦσαί
1063 1915 1166 1982 σφεας
1194 1902 1231 1964 ἐκ
1313 1913 1326 1956 τ’

224 2027 260 2071 τε
281 2015 339 2090 τῆς
360 2009 521 2090 ναυηγίης
543 2003 676 2071 καὶτοῦ
698 2016 854 2090 χειμῶνος
870 2013 931 2070 τοῦ
948 2003 1130 2088 γενομένου
1145 2007 1230 2070 Ικατά

225 2112 367 2194 Πήλιον,
390 2110 532 2195 ὑπέλαβε
554 2113 720 2196 ναυμαχίη
741 2111 892 2196 καρτερή,
915 2109 952 2175 ἐκ
974 2106 1011 2176 ὐύ
1028 2119 1086 2194 τῆς
1102 2135 1230 2195 ναυμα-

225 2219 298 2300 χίης
312 2219 435 2302 ὄμβρος
447 2240 483 2282 τε
500 2217 623 2302 λάβρος
635 2214 690 2282 καλ
708 2215 852 2301 ῥεύματα
868 2217 987 2300 ἰσχυρά
1003 2215 1037 2293 ἐς
1052 2217 1230 2282 θάλασσαν

174 2337 207 2386 13
226 2319 395 2405 ὁρμημένα
413 2326 553 2405 βρονταί
567 2345 602 2388 τε
620 2325 767 2406 σκληραί.
789 2319 844 2387 καὶ
859 2323 1005 2388 τούτοισι
1018 2319 1079 2405 μέν
1091 2324 1229 2407 τοιαύτη

104 2452 106 2460 ·
225 2424 287 2504 νὺξ
301 2427 437 2510 ἐγίνετο,
451 2437 537 2493 τοῖσι
551 2425 588 2492 δέ
601 2434 754 2512 ταχθεῖσι
766 2427 875 2493 αὐτῶν
882 2427 1069 2513 περιπλέειν
1077 2428 1231 2512 Εὐβοιαν

225 2532 247 2616 ή
270 2532 352 2618 αὐτή
375 2554 436 2616 περ
459 2533 560 2598 ἐοῦσα
581 2532 642 2611 νύξ
664 2534 790 2598 πολλὸν
811 2529 854 2617 ήν
876 2535 923 2598 ἔτι
950 2532 1147 2620 ἀγριωτέρη,
1174 2557 1230 2600 το-

226 2640 335 2727 σούτῳ
363 2640 429 2728 ὐσφ
458 2639 495 2704 ἐν
521 2639 656 2722 πελάγεϊ
681 2637 894 2724 φερομένοισι
920 2639 1086 2724 ἐπέπιπτε,
1112 2639 1229 2708 καὶτὸ

225 2745 318 2823 τέλος
341 2761 401 2830 σφι
429 2743 557 2830 ἐγένετο
581 2747 690 2831 ἀχαρι·
722 2745 767 2822 ὡς
788 2747 851 2830 γάρ
874 2746 915 2828 δή
938 2744 1076 2812 πλέουσι
1098 2747 1229 2812 αὐτοῖσι

227 2853 349 2937 χειμών
365 2875 401 2917 τε
418 2848 472 2917 καὶ
493 2853 532 2917 τὸ
550 2851 642 2936 ὐύωρ
659 2851 823 2933 ἐπεγίνετο
847 2849 939 2916 ἐοῦσι
961 2853 1042 2917 κατὰ
1063 2854 1104 2918 τὰ
1120 2857 1228 2918 Κοῖλα

226 2969 284 3043 τῆς
297 2960 452 3043 Εὐβοίης,
468 2960 646 3043 φερόμενοι
662 2964 708 3045 τῷ
727 2955 887 3040 πνεύματι
904 2955 959 3022 καὶ
977 2958 1039 3022 οὐκ
1052 2960 1176 3036 εέὐότες
1187 2967 1228 3044 τῇ

228 3064 387 3150 ἐφέροντο
411 3061 581 3143 ἐξέπιπτον
603 3064 685 3148 πρὸς
706 3063 762 3138 τὰς
784 3062 910 3147 πέτρας.
946 3062 1091 3130 ἐποιέετό
1108 3085 1143 3130 τε
1160 3073 1230 3130 πᾶν

227 3171 293 3236 ὐπὸ
323 3179 384 3236 τοῦ
413 3176 498 3235 θεοῦ
525 3171 614 3246 ’ὅκως
642 3168 685 3234 ἀν
705 3168 886 3254 ἐξισωθείη
913 3177 958 3258 τῷ
981 3167 1162 3258 Ἑλληνικῷ
1189 3172 1230 3236 τὸ

176 3292 209 3341 14
229 3277 395 3358 Περσικὸν
417 3273 500 3360 μηδὲ
522 3281 632 3363 πολλῷ
656 3274 757 3340 πλέον
780 3281 840 3359 εἴη.
875 3270 968 3342 οὗτοι
986 3274 1047 3360 μέν
1069 3301 1134 3342 νυν
1152 3275 1229 3360 περὶ

227 3383 268 3446 τά
285 3385 391 3446 Κοῖλα
409 3391 466 3462 τῆς
484 3381 630 3465 Εὐβοίης
648 3382 894 3466 διεφθείροντο·
915 3381 950 3447 οί
966 3378 1003 3447 δὲ
1021 3381 1058 3448 ἐν
1074 3379 1229 3468 ’Λφετῇσι
1313 3415 1317 3461 γ

225 3488 401 3572 βάρβαροι,
425 3487 469 3562 ὥς
490 3503 551 3570 σφι
574 3485 745 3570 ἀσμένοισι
767 3485 871 3574 ήμέρη
889 3485 1062 3572 ἐπέλαμψε,
1087 3488 1229 3574 ἀτρέμας
1308 3545 1316 3606 J
