2678 3970
475 245 542 303 LIB.
557 246 617 301 VII.
654 245 731 301 OAP.
753 253 837 300 1-4.
1097 246 1160 310 137

158 389 324 474 Γωβρύεω
346 392 525 475 θυγατρός,
548 387 604 455 καὶ
626 389 859 474 βασιλεύσαντι
882 389 914 468 ἐξ
933 387 1088 474 Ἀτόσσης
1104 399 1162 474 τῆς

157 495 275 579 Κύρου
304 493 410 578 ἕτεροι
436 495 595 580 τέσσερες.
639 506 706 560 τῶν
728 491 789 580 μέν
812 496 853 579 δή
877 494 1046 580 προτέρων
1069 495 1161 581 έπρέ-

157 603 256 683 σβευε
271 593 517 686 Ἀρτοβαζάνης,
536 612 603 666 τῶν
622 597 660 666 δὲ
674 599 915 684 ἐπιγενομένων
929 599 1060 686 Ξέρξης.
1089 601 1161 668 ἐόν-

156 729 209 782 τες
232 703 269 773 δέ
292 708 413 791 μητρὸς
437 706 478 772 οὑ
500 715 557 791 τῆς
580 707 680 790 αὐτῆς
702 706 907 789 ἐστασίαζον,
931 704 949 772 6
973 703 1033 791 μὲν
1053 699 1161 792 Ἀρτο-

157 812 299 896 βαζάνης
330 807 401 878 κατ’
436 811 455 877 δ
483 836 515 877 τι
545 813 768 898 πρεσβύτατός
798 834 833 878 τε
864 819 914 895 είη
946 814 1068 888 παντὸς
1101 822 1164 878 τοῦ

158 920 264 1001 γόνου
291 915 346 982 καλ
374 917 424 982 ὅτι
451 920 667 1002 νομιζόμενον
691 923 740 1001 είη
770 918 852 1003 πρὸς
874 917 1007 982 πάντων
1029 917 1162 1003 ἀνθρώ-

158 1045 231 1089 πων
253 1024 313 1088 τὸν
336 1022 562 1108 πρεσβύτατον
584 1023 645 1106 τήν
667 1022 771 1108 άρχήν
794 1026 890 1108 ἐχειν,
913 1021 1035 1108 Ξέρξης
1058 1018 1095 1088 δὲ
1118 1023 1164 1099 ὡς

155 1123 311 1211 ’Λτόσσης
341 1151 377 1193 τε
404 1139 481 1204 παῖς
512 1134 560 1212 είη
592 1137 650 1211 τῆς
676 1130 793 1214 Κύρου
823 1130 991 1214 θυγατρὸς
1025 1125 1081 1193 καὶ
1112 1129 1162 1194 ὅτι

157 1239 272 1322 Κῦρος
304 1239 354 1317 εἴη
382 1233 401 1298 6
429 1233 631 1318 κτησάμενος
657 1245 743 1299 τοῖσι
766 1233 916 1320 Πέρσησι
941 1236 1002 1317 τήν
1029 1234 1161 1300 ἐλευθε-

158 1347 244 1428 ρίην.
290 1341 438 1426 Δαρείου
471 1336 508 1404 δὲ
540 1338 602 1405 οὐκ
632 1339 914 1425 ἀποδεικνυμένου
945 1364 991 1406 κω
1025 1341 1196 1424 γνώμηνε

160 1449 318 1533 ἐτύγχανε
340 1444 422 1510 κατά
443 1444 549 1510 τώυτὸ
572 1446 720 1510 τούτοισι
741 1443 796 1511 καὶ
818 1446 1016 1532 Δημάρητος
1038 1445 1057 1512 6
1077 1442 1162 1532 Ἀρί-

160 1571 286 1629 στωνος
309 1551 520 1634 ἀναβεβηκὼς
542 1551 575 1628 ἐς
597 1555 729 1634 Σοῦσα,
753 1551 966 1636 ἐστερημένος
987 1575 1023 1616 τε
1044 1561 1102 1635 τῆς
1124 1552 1161 1617 έν

72 1709 77 1718 .
158 1659 295 1744 Σπάρτη
332 1659 506 1741 βασιληίης
541 1653 597 1721 καὶ
630 1658 742 1741 φυγήν
779 1657 943 1740 ἐπιβαλὼν
980 1656 1090 1744 ἑωυτῷ
1126 1657 1162 1722 ἐκ
1219 1735 1221 1739 Ι

158 1766 416 1848 Λακεδαίμονος.
461 1757 558 1839 οὗτος
589 1761 679 1846 ὡνήρ
706 1765 897 1847 πυθόμενος
922 1773 990 1828 τῶν
1012 1768 1163 1848 Δαρείου

159 1873 289 1936 παίδων
316 1870 377 1952 τήν
405 1869 589 1954 διαφορήν,
617 1868 742 1951 ἐλθών,
770 1868 814 1944 ὡς
840 1867 861 1951 ἡ
885 1868 981 1952 φάτις
1003 1893 1061 1953 μιν
1084 1872 1163 1954 ἔχει,

158 1975 263 2062 Ξέρξη
288 1976 508 2058 συνεβούλευε
530 1973 639 2056 λέγειν
661 1975 743 2057 πρὸς
765 1983 851 2039 τοῖσι
874 1976 963 2057 ἔλεγε
986 1977 1093 2058 ἔπεσι,
1117 1975 1164 2052 ὡς

160 2083 259 2159 αὐτὸς
281 2078 342 2166 μὲν
365 2079 495 2164 γένοιτο
514 2081 647 2165 Δαρείῳ
669 2080 733 2163 ήδη
753 2079 962 2162 βασιλεύοντι
979 2077 1034 2144 καὶ
1052 2083 1162 2165 ἔχοντι

156 2190 195 2253 τὸ
215 2185 375 2273 Περσέων
396 2187 526 2270 κράτος,
545 2182 783 2270 Ἀρτοβαζάνης
806 2179 843 2250 δέ
865 2186 913 2250 ἐτι
936 2185 1049 2270 ίδιάτη
1073 2185 1163 2252 ἐόντι

157 2295 306 2380 Δαρείῳ·
336 2291 397 2356 οὐκ
424 2286 472 2356 ὧν
499 2290 576 2355 οὔτε
604 2291 693 2366 οἰκὸς
719 2296 769 2373 είη
798 2289 874 2355 οὔτε
901 2291 1031 2356 δίκαιον
1058 2293 1162 2357 ἄλλον

157 2401 232 2464 τινά
249 2400 287 2464 τὸ
306 2397 405 2482 γέρας
419 2399 506 2480 ἔχειν
519 2397 584 2482 πρὸ
599 2395 735 2480 ἑωυτοῦ,
754 2396 827 2462 ἐπεί
836 2420 874 2480 γε
891 2395 946 2462 καὶ
960 2396 997 2462 ἐν
1011 2398 1161 2485 Σπάρτη,

158 2508 223 2589 ἔφη
247 2505 265 2570 6
289 2502 488 2588 Δημάρητος
509 2500 758 2587 ὑποτιθέμενος,
783 2503 869 2568 οὑτω
891 2506 1095 2587 νομίζεσθαι,
1117 2503 1162 2586 ἣν

158 2611 194 2675 οί
219 2607 280 2694 μὲν
306 2610 544 2694 προγεγονότες
566 2610 644 2673 έωσι
671 2607 750 2692 πρὶν
777 2607 881 2692 ήτδν
902 2608 1025 2694 πατέρα
1047 2607 1163 2691 σφέων

158 2719 362 2798 βασιλεῦσαι,
383 2713 401 2779 6
421 2711 458 2779 δὲ
476 2715 685 2797 βασιλεύοντι
703 2714 862 2798 ὀψίγονος
880 2712 1077 2796 ἐπιγένηται,
1099 2722 1162 2777 τοῦ

159 2820 395 2906 ἐπιγενομένου
408 2820 469 2903 τήν
483 2818 609 2898 ἔκδεξιν
623 2829 680 2902 τῆς
697 2822 871 2903 βασιληίης
888 2820 1051 2901 γίνεσθαι.
1082 2841 1160 2903 χρη-

159 2925 306 3010 σαμένου
335 2921 372 2990 δὲ
399 2923 526 3010 Ξέρξεω
548 2933 588 3009 τη
610 2926 814 3008 Δημαρήτου
840 2923 994 3006 ὑποθήκη
1016 2924 1119 3004 γνοὺς
1141 2923 1161 2988 6

157 3037 303 3118 Δαρεῖος
334 3031 378 3108 ὡς
407 3030 498 3114 λέγοι
530 3031 640 3095 δίκαια
669 3027 807 3113 βασιλέα
833 3051 890 3113 μιν
918 3025 1060 3103 ἀπέδεξε.
1105 3028 1162 3092 δο-

156 3136 245 3202 κέειν
268 3135 309 3202 δέ
324 3161 391 3222 μοι,
415 3134 471 3201 καὶ
492 3137 574 3201 άνευ
596 3136 715 3217 ταύτης
737 3142 794 3217 τῆς
815 3133 988 3216 ὑποθήκης
1010 3135 1162 3216 βασιλεῦ-

156 3259 212 3307 σαι
247 3241 289 3308 ἂν
316 3241 453 3328 Ξέρξης·
484 3242 505 3325 ἡ
533 3242 596 3325 γάρ
615 3239 758 3305 ’Δτοσσα
786 3233 851 3323 εἶχε
878 3237 915 3304 τδ
942 3246 1008 3303 πᾶν
1034 3239 1160 3324 κράτος.

156 3346 317 3426 ἀποδέξας
340 3344 377 3412 δὲ
400 3345 537 3432 βασιλέα
560 3343 710 3430 Πέρσησι
731 3342 858 3429 Ξέρξην
876 3349 1021 3430 Δαρεῖος
1038 3343 1160 3430 ὁρμᾶτο
1178 3360 1195 3408 4

156 3455 405 3539 στρατεύεσθαι.
451 3451 533 3515 ἀλλὰ
553 3450 616 3534 γάρ
639 3450 719 3533 μετὰ
741 3449 842 3514 ταῦτά
859 3471 894 3514 τε
916 3446 971 3514 καὶ
989 3449 1160 3532 Αἰγύπτου
