2632 3970
370 217 436 274 LIB.
451 219 497 274 IX.
530 217 608 272 cAP.
629 224 784 274 llo—121.
1018 219 1085 285 385

78 363 212 447 ὕστεροι
231 360 434 446 ὁρμηθέντες
448 362 596 445 φεύγειν,
611 361 655 438 ὡς
668 362 952 446 κατελαμβάνοντο
970 363 1086 447 ὀλίγον

79 468 189 546 ἐόντες
215 464 299 552 ὑπὲρ
326 469 430 551 Αίγὸς
452 472 634 552 Ποταμῶν,
663 465 856 550 ἀλεξόμενοι
882 471 1005 552 χρόνον
1032 467 1085 534 ἐπὶ

80 573 205 657 συχνὸν
233 573 268 638 οί
292 569 353 658 μὲν
381 570 568 654 ἀπέθανον,
597 573 632 636 οί
657 569 693 638 δέ
717 575 834 650 ζῶντες
856 572 1085 658 ἐλάμφθησαν.

79 677 135 744 καὶ
157 675 382 762 συνδήσαντες
401 694 505 761 σφεας
523 677 559 743 οί
570 675 728 760 Ἕλληνες
745 678 872 760 ἤγαγον
890 677 923 752 ές
941 681 1085 763 Σηστόν,

79 781 149 868 μετ’
176 784 286 849 αὐτῶν
309 781 346 849 δὲ
368 781 424 848 καὶ
443 779 644 868 Ἀρταΰκτην
664 781 842 867 δεδεμένον
860 782 962 848 αὐτόν
979 805 1015 847 τε
1033 782 1086 848 καὶ

79 891 139 955 τὸν
162 891 264 956 παῖδα
287 889 398 954 αὐτοῦ.
437 891 496 953 καί
515 911 577 975 τεῳ
600 899 667 954 τῶν
690 890 932 972 φυλασσόντων
950 886 1078 968 λέγεται
1091 912 1142 961 120

81 995 145 1060 ὑπὸ
168 993 441 1080 Χερσονησιτέων
468 997 623 1079 ταρίχους
648 993 790 1058 ὀπτῶντι
812 991 908 1078 τέρας
929 991 1089 1076 γενέσθαι

80 1102 229 1166 τοιόνδε·
253 1101 288 1165 οί
307 1100 436 1184 τάριχοι
458 1097 511 1165 ἐπὶ
529 1107 574 1187 τῷ
592 1097 673 1183 πυρί
691 1103 837 1182 κείμενοι
855 1097 1036 1164 ἐπάλλοντό
1047 1108 1088 1164 ’τε

80 1205 136 1271 καὶ
158 1208 322 1291 ἤσπαιρον
346 1207 430 1282 ὅκως
451 1225 513 1290 περ
537 1206 652 1290 ἰχθύες
674 1204 863 1270 νεοάλωτοι.
900 1201 956 1268 καὶ
977 1204 1012 1268 οί
1028 1198 1088 1286 μὲν

80 1310 316 1396 περιχυθέντες
343 1309 533 1393 ἐθώμαζον,
561 1309 580 1375 ὀ
609 1305 646 1375 δὲ
665 1306 863 1395 Ἀρταΰκτης
890 1309 935 1385 ὡς
961 1303 1030 1374 εἶδε
1050 1309 1088 1374 τὸ

81 1415 188 1500 τέρας,
211 1415 351 1492 καλέσας
373 1415 433 1482 τὸν
456 1415 607 1482 ὀπτῶντα
624 1417 703 1491 τοὺς
720 1419 876 1500 ταρίχους
894 1417 972 1497 ἔφη·
995 1413 1090 1488 ,Ξείνε

78 1515 250 1604 Ἀθηναῖε,
279 1517 384 1605 μηδὲν
411 1519 516 1604 φοβέο
545 1522 583 1585 τὸ
610 1519 707 1605 τέρας
733 1530 844 1586 τοῦτο·
877 1519 919 1584 οΰ
945 1521 1009 1604 γάρ
1036 1516 1090 1584 σοὶ

16 1647 17 1650 ’
81 1625 222 1710 πέφηνε,
244 1623 315 1690 ἀλλ’
342 1624 416 1710 ἐμοὶ
439 1629 593 1709 σημαίνει
615 1625 634 1692 ὀ
657 1626 693 1692 ἐν
714 1620 900 1692 Ἐλαιοῦντι
923 1627 1091 1710 Πρωτεσί-

82 1737 165 1810 λεως
192 1733 243 1797 ὅτι
269 1729 325 1796 καὶ
351 1731 496 1807 τεθνεὼς
522 1729 579 1796 καί
600 1731 733 1816 τάριχος
755 1730 819 1796 ἐὼν
843 1731 986 1814 δύναμιν
1008 1731 1091 1814 πρὸς

82 1843 176 1902 θεῶν
199 1837 347 1920 ἔχειτὸν
371 1835 544 1901 ἀδικέοντα
562 1839 724 1902 τίνεσθαι.
760 1845 825 1902 νῦν
849 1831 897 1902 ὧν
918 1835 1041 1900 ἀποιυά
1058 1835 1095 1898 οί

82 1941 163 2008 τάδε
187 1941 292 2006 ἐθέλω
316 1940 493 2023 ἐπιθεῖναι,
516 1938 590 2006 ἀντὶ
613 1938 674 2024 μὲν
691 1943 867 2026 χρημάτων
884 1951 951 2006 τῶν
969 1942 1091 2022 ,ἔλαβον

83 2047 121 2112 ἐκ
140 2039 203 2111 τοῦ
227 2046 303 2130 ίροῦ
325 2045 442 2111 ἑκατὸν
464 2045 608 2110 τάλαντα
629 2051 825 2110 καταθεῖναι
847 2053 893 2132 τῷ
911 2052 993 2132 θεῷ,
1017 2042 1091 2109 ἀντί

85 2146 116 2216 δ’
145 2149 312 2234 ἐμεωυτοῦ
338 2148 393 2216 καὶ
420 2159 481 2216 τοῦ
511 2151 630 2227 παιδὸς
660 2150 823 2216 ἀποδώσω
850 2151 993 2214 τάλαντα
1021 2151 1092 2232 διη-

83 2258 181 2320 κόσια
200 2253 409 2338 Ἀθηναίοισι
435 2257 697 2342 περιγενόμενος.
741 2265 844 2321 ταῦτα
871 2255 1092 2340 ὑπισχόμενος

83 2362 145 2425 τὸν
168 2362 352 2450 στρατηγὸν
370 2360 570 2435 Ξάνθιππον
589 2361 650 2426 οὐκ
668 2364 794 2428 ἔπειθε·
817 2362 853 2428 οί
868 2362 931 2446 γάρ
946 2356 1090 2427 Ἐλαιού-

16 2539 17 2544 1
85 2483 155 2532 σιοι
182 2473 228 2552 τῷ
257 2469 474 2552 Πρωτεσίλεῳ
503 2463 718 2549 τιμωρέοντες
745 2463 879 2532 ἐδέοντό
906 2492 964 2553 μιν
995 2490 1092 2532 κατα·

16 2617 18 2620 -
86 2575 289 2656 χρησθῆναι,
321 2569 376 2634 καί
406 2570 509 2635 αὐτοῦ
536 2579 598 2634 τοῦ
625 2580 811 2655 στρατηγοῦ
838 2573 940 2656 ταύτῃ
968 2571 986 2636 δ
1013 2574 1093 2647 νόος

87 2679 195 2760 ἔφερε.
240 2674 464 2758 ἀπαγαγόντες
491 2671 528 2740 δὲ
557 2674 660 2740 αὐτὸν
692 2675 724 2751 ἐς
752 2677 814 2758 την
841 2675 941 2759 ἀκτὴν
969 2676 1003 2752 ές
1030 2677 1092 2758 τὴν

87 2780 212 2866 Ξέρξης
226 2779 331 2858 ἔζευξε
346 2781 406 2844 τὸν
423 2783 539 2864 πόρον,
559 2781 594 2844 οί
606 2776 643 2844 δὲ
656 2780 790 2862 λέγουσι
804 2779 857 2845 ἐπὶ
869 2783 929 2845 τὸν
942 2781 1094 2845 κολωνὸν

16 2931 18 2938 ι
87 2887 148 2951 τὸν
161 2881 244 2968 ὑπὲρ
259 2883 423 2948 Μαδύτου
437 2887 561 2966 πόλιος,
576 2883 658 2968 πρὸς
671 2885 810 2960 σανίδας
824 2886 1093 2969 προσπασσαλεύ·

16 3077 17 3080 ¹
88 3008 205 3066 σαντες
227 2986 463 3073 ἀνεκρέμασαν,
486 2989 546 3053 τὸν
570 2985 607 3052 δέ
628 2990 731 3053 παῖδα
753 2989 791 3054 έν
809 2989 1014 3074 ὀφθαλμοῖσι
1032 2997 1094 3054 τοῦ

16 3131 17 3136 1
85 3093 287 3180 Ἀρταΰκτεω
306 3091 515 3158 κατέλευσαν.
543 3100 646 3156 ταῦτα
661 3089 698 3157 δέ
711 3094 908 3175 ποιήσαντες
921 3093 1083 3159 ἀπέπλεον
1095 3113 1149 3160 121

16 3219 17 3228 ¹
89 3202 124 3277 ἐς
140 3202 201 3282 την
215 3197 366 3280 Ἐλλάδα,
383 3197 423 3261 τά
435 3219 471 3261 τε
489 3198 572 3261 ἀλλα
590 3199 737 3281 χρήματα
756 3198 892 3279 ἀγοντες
909 3197 964 3262 καί
983 3200 1024 3282 δη
1038 3198 1093 3264 καὶ

16 3313 19 3374 ζ
89 3307 130 3370 τά
148 3306 231 3370 ὅπλα
249 3315 316 3368 τῶν
334 3302 509 3388 γεφυρέων
528 3302 572 3378 ὡς
590 3301 816 3386 ἀναθήσοντες
835 3303 868 3380 ές
885 3305 925 3368 τά
944 3305 1006 3388 ίρά.
1038 3302 1094 3369 καὶ

89 3412 172 3476 κατὰ
197 3411 235 3474 τὸ
263 3413 335 3486 ἔτος
360 3417 458 3474 τοῦτο
482 3406 582 3474 οὐδὲν
605 3406 658 3473 ἐπὶ
679 3407 781 3474 πλέον
803 3408 931 3474 τούτων
954 3408 1095 3494 ἐγένετο.

16 3509 18 3526 '
143 3522 235 3562 Ηττον.
248 3521 280 3560 11.
847 3517 881 3567 25
