2640 3960
430 243 497 300 Lm.
512 244 558 299 τι.
596 244 671 300 οΑΡ.
692 251 812 299 ιο-νι.
1085 245 1127 311 75

119 383 269 474 γένωμαι
294 397 355 454 τοῦ
382 391 499 471 λόγου,
530 390 603 454 τότε
629 391 878 473 μνησθήσομαι,
910 389 950 454 τά
977 386 1015 454 δὲ
1041 399 1127 454 τοῖσι

119 498 320 580 Μιλησίοισι
344 494 384 560 οὐ
406 501 568 578 παρεοῦσι
590 496 721 578 ἔχρησε,
745 497 811 579 ἔχει
834 489 911 560 ὧδε·

187 598 255 666 Καὶ
276 602 349 665 τότε
373 600 430 683 δή,
453 603 598 683 Μίλητε,
620 610 731 665 κακῶν
753 598 930 684 ἐπιμήχανε
953 602 1074 683 ἔργων,

186 710 371 772 Πολλοῖσιυ
394 706 530 770 δεῖπνόν
552 727 588 771 τε
610 703 665 770 καὶ
687 705 792 788 άγλαά
816 706 906 790 δῶρα
928 709 1066 790 γενήσῃ,

186 809 254 875 Σαλ
278 806 308 877 δ’
334 813 448 895 άλοχοι
469 815 621 877 πολλοῖσι
643 812 747 888 πόδας
768 813 905 888 νίψουσι
926 814 1096 894 κομήταις,

186 919 286 998 Νηοῦ
309 913 339 982 δ’
365 915 526 1001 ήμετέρου
548 917 713 1002 Διδύμοις
735 917 864 982 ἄλλοισι
886 918 1027 1000 μελήσει.

118 1024 193 1087 τότε
225 1023 266 1106 δή
293 1031 396 1088 ταῦτα
421 1024 501 1099 τοὺς
522 1026 711 1106 Μιλησίους
737 1022 976 1106 κατελάμβανε,
1007 1022 1061 1086 ὅτε
1087 1045 1125 1104 γε

119 1130 241 1214 ἄνδρες
270 1125 331 1213 μέν
358 1127 394 1193 οί
417 1133 555 1204 πλεῦνες
583 1127 766 1194 ἐκτείνοντο
789 1127 854 1192 ὑπὸ
876 1139 943 1192 τῶν
966 1125 1125 1211 Περσέων

118 1234 245 1300 ἐόντων
275 1233 461 1318 κομητέων,
492 1244 645 1318 γυναῖκες
672 1231 709 1300 δέ
735 1231 790 1300 καὶ
815 1232 913 1299 τέκνα
940 1232 977 1300 ἐν
1004 1233 1125 1318 ἀνδρα-

118 1341 233 1405 πόδων
264 1342 352 1426 λόγῳ
380 1340 548 1423 ἐγίνοντο,
583 1336 721 1425 ι’ρὸνδέ
748 1340 785 1406 τὸ
813 1339 850 1404 ἐν
876 1340 1074 1423 Διδύμοισι.
1105 1337 1124 1403 δ

117 1448 200 1528 νηός
231 1468 266 1514 τε
292 1443 347 1509 καὶ
373 1446 411 1510 τὸ
438 1447 653 1530 χρηστήριον,
681 1443 870 1528 συληθέντα
896 1445 1124 1529 ἐνεπίμπρατο.

117 1563 187 1616 τῶν
214 1543 251 1616 δ’
276 1549 312 1615 ἐν
334 1557 379 1637 τῷ
404 1551 463 1638 ἱρῷ
487 1552 594 1639 τούτῳ
617 1551 792 1635 χρημάτων
814 1551 971 1628 πολλάκις
992 1553 1125 1635 μνήμην

120 1655 262 1742 έτέρωθι
288 1663 348 1721 τοῦ
375 1659 479 1739 λόγου
506 1656 718 1740 ἐποιησάμην.
764 1656 920 1722 ἐνθεῦτεν
947 1657 983 1721 υί
1004 1659 1124 1742 ζωγρη-
1142 1677 1177 1725 20

117 1762 236 1839 θέντες
258 1771 325 1826 τῶν
347 1763 525 1845 Μιλησίων
547 1763 669 1844 ήγοντυ
693 1761 726 1838 ἐς
745 1765 870 1826 Σοῦσα.
910 1765 1065 1845 βασιλεὺς
1087 1761 1127 1827 δέ

118 1885 224 1953 σφεας
250 1873 393 1952 Δαρεῖος
424 1868 527 1932 κακὸν
557 1863 658 1932 οὐδὲν
685 1868 766 1932 άλλο
792 1869 932 1950 ποιήσας
959 1871 1124 1933 κατοίκισε

119 1973 173 2040 ἐπὶ
199 1982 239 2058 τῇ
263 1969 409 2058 Ἐρυθρῇ
435 1972 618 2058 καλεομένη
645 1973 813 2060 θαλάσση,
844 1971 881 2038 ἐν
899 1971 1007 2058 Ἅμπη
1035 1975 1123 2057 πόλι,

118 2076 196 2164 παρ’
217 2079 260 2162 ἣν
280 2081 401 2163 Τίγρης
418 2080 564 2162 ποταμὸς
581 2076 777 2163 παραρρέων
795 2079 829 2156 ἐς
845 2079 1020 2144 θάλασσαν
1038 2078 1123 2157 ἐξιεῖ.

118 2195 177 2269 τῆς
199 2181 236 2249 δέ
254 2188 431 2267 Μιλησίων
453 2186 561 2269 χώρης
584 2182 678 2249 αὐτοὶ
700 2179 761 2268 μέν
779 2185 815 2248 οί
830 2183 957 2270 Πέρσαι
976 2179 1066 2270 εἶχον
1083 2187 1124 2251 τδι

118 2289 195 2376 περὶ
215 2290 277 2374 τήν
294 2293 392 2355 πόλιν
410 2289 521 2356 καὶτὸ
539 2291 667 2374 πεδίον,
688 2290 729 2354 τά
748 2286 784 2354 δέ
802 2289 983 2375 ὑπεράκρια
1001 2292 1133 2358 ἔδοσανΙ

119 2393 229 2481 Καρσὶ
247 2397 441 2479 Πηδασεῦσι
464 2395 630 2480 ἐκτῆσθαι.
666 2402 814 2461 παθοῦσι
837 2392 874 2462 δὲ
895 2406 997 2462 ταῦτα
1014 2401 1123 2484 Μιλη-
1142 2417 1174 2467 21

120 2507 223 2568 σίοισι
245 2502 327 2588 πρὸς
345 2501 504 2587 Περσέων
527 2502 590 2567 οὐκ
612 2501 779 2567 ἀπέδοσαν
796 2502 857 2586 τήν
876 2502 994 2588 ὁμοίην
1011 2507 1122 2586 Συβα·

120 2619 219 2695 ρῑται,
238 2611 274 2673 οἳ
284 2611 378 2673 Λᾶόν
391 2631 426 2673 τε
439 2606 494 2674 καὶ
508 2608 657 2693 Σκίδρον
671 2613 782 2674 οἴκεον
794 2617 852 2692 τῆς
864 2611 979 2685 πόλιος
992 2607 1124 2674 ἀπεστε-

119 2714 266 2799 ρημένοι.
310 2714 479 2798 Συβάριος
505 2715 569 2798 γὰρ
599 2713 742 2798 ἁλούσης
774 2715 837 2780 ὑπὸ
865 2713 1124 2800 Κροτωνιητέων

119 2821 283 2903 Μιλήσιοι
304 2819 423 2895 πάντες
444 2818 573 2902 ἡβηδὸν
591 2818 803 2905 ἀπεκείραντο
823 2821 881 2895 τάς
902 2820 1047 2903 κεφαλάς
1068 2817 1123 2884 καὶ

118 2925 245 3002 πένθος
256 2923 338 3009 μέγα
347 2927 613 3008 προσεθήκαντο·
629 2927 740 3001 πόλιες
753 2926 815 3010 γάρ
826 2918 922 2989 αὗται
932 2923 1071 3007 μάλιστα
1081 2925 1123 3009 δή

118 3043 186 3096 τῶν
208 3030 301 3114 ἡμεῖς
320 3031 415 3114 ἐδμεν
437 3030 596 3115 ἀλλήλῃσι
614 3029 847 3113 ἐξεινώθησαν.
885 3024 985 3094 οὐδὲν
1003 3028 1125 3110 ὁμοίως

118 3135 174 3202 καὶ
189 3130 375 3218 Ἀθηναῖοι·
395 3131 568 3220 Ἀθηναῖοι
585 3131 645 3220 μὲν
659 3135 722 3219 γάρ
738 3136 840 3219 δῆλον
854 3133 1012 3219 ἐποίησαν
1025 3134 1125 3221 ὑπερ·

118 3240 343 3327 αχθεσθέντες
359 3249 399 3326 τῇ
413 3244 567 3324 Μιλήτου
585 3239 688 3305 άλώσι
706 3249 745 3325 τῇ
758 3263 794 3304 τε
807 3241 889 3325 άλλη
905 3245 1051 3326 πολλαχῇ
1069 3240 1124 3306 καὶ

120 3349 161 3431 δή
182 3344 238 3412 καὶ
258 3349 434 3430 ποιήσαντι
454 3349 609 3433 Φρυνίχῳ
629 3347 737 3431 δρᾶμα
754 3347 908 3431 Μιλήτου
927 3347 1050 3412 ἅλωσιν
1069 3345 1125 3414 καλ

120 3451 291 3532 διδάξαντι
309 3451 342 3531 ἐς
356 3452 483 3534 δάκρυά
500 3475 534 3516 τε
549 3453 642 3516 ἔπεσε
659 3451 696 3516 τὸ
715 3449 859 3540 θέητρον
873 3449 929 3519 καὶ
942 3451 1124 3538 ἐζημίωσάν
