2640 3960
392 271 459 327 LIB.
475 271 509 328 V.
546 270 621 330 cAP.
641 279 763 329 93-97.
1037 275 1081 340 53

71 417 182 499 λήνην
209 404 488 501 ἐξαγγελλόμενος
515 417 552 483 τδ
582 415 708 483 ἑωυτοῦ
740 418 849 495 πάθος
876 422 1083 508 Μελανίππῳ

70 520 172 608 ἀνδρὶ
202 521 328 611 έταίρῳ.
374 525 626 606 Μυτιληναίους
653 520 691 589 δέ
713 522 768 588 καὶ
788 520 986 607 Ἀθηναίους
1007 550 1082 591 κατ-

71 628 194 710 ήλλαξε
224 630 435 715 Περίανδρος
463 628 480 694 ὁ
508 629 681 708 Κυψέλου·
707 631 813 717 τούτῳ
843 631 906 714 γὰρ
935 632 1083 717 διαιτητῇ

72 734 311 819 ἐπετράποντο·
342 732 521 816 κατήλλαξε
549 731 586 800 δὲ
614 729 694 817 ὧδε,
722 734 883 819 νέμεσθαι
911 733 1085 822 ἑκατέρους

70 841 135 923 τὴν
158 842 279 924 έχουσι.
316 841 454 922 Σίγειον
476 837 538 923 μέν
561 863 625 904 νυν
649 841 735 906 οὕτω
760 840 889 924 ἐγένετο
907 839 963 905 ὑπ’
987 836 1084 925 Ἀθη-

70 949 208 1011 ναίοισι.
239 941 367 1028 Ἱππίης
385 942 422 1010 δὲ
441 944 545 1034 ἐπείτε
564 945 696 1012 ἀπίκετο
715 947 751 1012 ἐκ
764 956 822 1031 τῆς
835 947 1085 1031 Λακεδαίμονος
1101 964 1136 1015 96

72 1051 107 1128 ές
134 1051 197 1133 τὴν
217 1044 348 1134 Ἀσίην,
370 1059 437 1116 πᾶν
459 1059 567 1136 χρῆμα
590 1051 709 1134 ἐκίνεε,
738 1052 927 1136 διαβάλλων
949 1075 984 1116 τε
1006 1054 1085 1129 τοὺς

68 1154 272 1239 Ἀθηναίους
300 1158 382 1244 πρὸς
409 1157 468 1243 τὸν
488 1154 710 1244 Ἀρταφρένεα
732 1156 787 1224 καὶ
810 1159 933 1225 ποιέων
956 1160 1084 1224 ἅπαντα

73 1264 159 1340 ὅκως
187 1263 225 1327 ac
245 1259 395 1348 Ἀθῆναι
411 1267 564 1346 γενοίατο
587 1261 643 1328 ὑπ’
670 1262 781 1352 ἑωυτῷ
804 1289 839 1330 τε
862 1263 916 1329 καὶ
939 1269 1083 1353 Δαρείῳ.

72 1365 200 1453 Ἱππίης
222 1391 257 1434 τε
285 1370 326 1452 δὴ
353 1377 456 1434 ταῦτα
484 1371 625 1456 ἔπρησσε
648 1367 703 1434 καλ
726 1371 762 1434 οί
782 1367 955 1454 Ἀθηναῖοι
977 1373 1084 1436 πυθό-

72 1500 170 1561 μενοι
192 1485 296 1540 ταῦτα
314 1473 479 1560 πέμπουσι
497 1476 531 1552 ές
549 1476 677 1561 Σάρδις
694 1474 864 1560 ἀγγέλους,
888 1477 950 1541 οὐκ
968 1476 1085 1554 ἐῶντες

74 1586 153 1660 τοὺς
172 1581 306 1667 Πέρσας
323 1585 502 1647 πείθεσθαι
518 1579 707 1666 Ἀθηναίων
730 1594 816 1648 τοῖσι
839 1583 972 1666 φυγάσι.
1009 1583 1035 1672 ὁΙ
1047 1580 1084 1648 δέ

69 1684 294 1775 Ἀρταφρένης
322 1686 452 1753 ἐκέλευέ
477 1704 595 1772 σφεας,
624 1690 655 1753 εί
679 1691 858 1766 βουλοίατο
886 1691 960 1753 σόοι
987 1683 1083 1771 εἶναι,

73 1793 448 1860 καταδέκεσθαιβπίσω
471 1789 610 1878 Ἱππίην.
657 1796 719 1860 οὐκ
747 1791 794 1860 ὧν
822 1796 864 1878 δὴ
892 1794 1083 1861 ἐνεδέκοντο

72 1903 151 1978 τοὺς
175 1904 296 1984 λόγους
320 1899 591 1985 ἀποφερομένους
613 1897 799 1985 Ἀθηναῖοι·
829 1901 891 1967 οὐκ
913 1900 1083 1986 ένδεκομέ·

71 2023 162 2074 νοισι
187 2006 226 2071 δέ
247 2021 307 2090 σφι
335 2005 488 2072 ἐδέδοκτο
512 2006 548 2072 έκ
569 2015 630 2071 τοῦ
652 2015 802 2092 φανεροῦ
824 2017 910 2071 τοῖσι
934 2006 1083 2092 Πέρσησι

70 2115 252 2197 πολεμίους
274 2106 368 2178 εἶναι.

163 2221 348 2303 Νομίζουσι
376 2215 413 2284 δὲ
435 2227 538 2283 ταῦτα
560 2216 614 2284 καὶ
639 2216 928 2303 διαβεβλημένοισι
950 2218 984 2294 ές
1005 2222 1084 2296 τοὺς
1101 2238 1134 2288 97

72 2325 210 2412 Πέρσας
237 2325 274 2391 έν
301 2325 407 2413 τούτῳ
436 2326 477 2409 δὴ
505 2333 550 2412 τῷ
578 2333 681 2412 καιρῷ
711 2324 729 2390 ὁ
752 2327 918 2408 Μιλήσιος
938 2320 1083 2409 Ἀριστα-

71 2436 175 2518 γόρης
202 2431 267 2497 ὑπὸ
290 2429 494 2516 Κλεομένεος
515 2439 576 2495 τοῦ
599 2431 868 2514 Λακεδαιμονίου
896 2428 1083 2508 ἐξελασθεὶς

74 2539 110 2605 έκ
131 2547 189 2622 τῆς
207 2538 364 2623 Σπάρτης
382 2536 514 2602 ἀπίκετο
533 2535 566 2614 ές
585 2533 744 2621 Ἀθήνας·
768 2537 849 2620 αὕτη
867 2538 931 2622 γάρ
949 2537 970 2620 ἡ
989 2539 1084 2613 πόλις

72 2656 139 2711 τῶν
159 2642 303 2709 λοιπέων
321 2642 518 2708 ἐδυνάστευε
539 2641 703 2727 μέγιστον.
736 2642 887 2708 ἐπελθὼν
907 2639 943 2707 δέ
958 2640 1009 2707 έπλ
1023 2644 1082 2706 τὸν

74 2752 181 2835 δῆμον
200 2746 464 2836 δἈρισταγόρης
477 2748 580 2813 ταύτά
599 2751 689 2832 ἔλεγε
707 2749 747 2812 τά
764 2746 819 2812 καὶ
838 2747 875 2813 έν
890 2755 930 2832 τῇ
944 2746 1081 2831 Σπάρτη

72 2855 147 2942 περὶ
175 2867 242 2922 τῶν
271 2855 410 2939 ἀγαθῶν
437 2865 504 2919 τῶν
528 2854 565 2920 έν
591 2862 630 2938 τῇ
651 2848 740 2939 Ἀσίη
768 2850 823 2918 καὶ
849 2862 909 2918 τοῦ
936 2850 1082 2935 πολέμου

74 2973 133 3028 τοῦ
162 2967 347 3049 Περσικοῦ,
376 2962 420 3038 ὡς
450 2961 527 3026 οὔτε
555 2959 677 3025 ἀσπίδα
705 2959 781 3024 οὔτε
805 2961 887 3041 δόρυ
910 2960 1082 3040 νομίζουσι

74 3069 222 3146 εὐπετέες
253 3091 288 3134 τε
319 3072 524 3153 χειρωθῆναι
556 3071 680 3150 εἴησαν.
725 3064 828 3129 ταῦτά
859 3086 894 3127 τε
922 3063 963 3146 δὴ
992 3065 1082 3146 ἔλεγε

73 3174 126 3241 καὶ
154 3176 238 3261 πρὸς
264 3184 351 3238 τοῖσι
377 3173 470 3255 τάδε,
499 3171 543 3248 ὡς
566 3172 601 3236 οί
620 3173 781 3254 Μιλήσιοι
807 3179 874 3234 τῶν
893 3165 1082 3252 Ἀθηναίων

75 3281 137 3347 είσλ
160 3283 303 3363 ἀποικοι,
327 3275 383 3345 καὶ
407 3279 495 3354 οίκός
518 3293 622 3361 σφεας
643 3281 693 3359 εἴη
713 3273 855 3360 ῥύεσθαι
875 3272 1082 3359 δυναμένους

74 3387 163 3472 μέγα.
211 3384 266 3452 καὶ
294 3382 394 3451 οὐδὲν
422 3385 440 3450 ὅ
467 3407 499 3448 τι
527 3383 589 3448 οὐκ
614 3382 769 3465 ὑπίσχετο
797 3372 851 3447 οἷα
877 3380 980 3466 κάρτα
1010 3381 1082 3446 δεά

75 3517 186 3578 μενος,
215 3493 248 3572 ές
276 3489 294 3559 δ
322 3488 475 3557 ἀνέπεισέ
495 3505 607 3574 σφεας.
652 3488 796 3563 πολλοὺς
818 3487 880 3569 γάρ
905 3480 973 3552 οίκε
996 3479 1082 3551 εἶναι
