2640 3960
254 245 315 310 134
655 245 842 302 HERODOTI

216 435 217 440 κ
250 412 333 454 τεον.
379 391 542 472 μαθόντες
569 388 732 456 δὲταῦτα
759 386 985 472 οίΠελασγοὶ
1012 385 1162 454 ἑωυτοῖσι
1190 391 1244 454 λό-
1315 381 1317 448 4

250 518 330 578 γους
356 494 523 562 ἐδίδοσαν·
549 500 607 562 καί
626 513 686 581 σφι
708 494 978 580 βουλευομένοισι
1000 495 1111 560 δεινόν
1133 516 1165 558 τι
1194 494 1246 560 έ-
1316 559 1317 566 ,

251 600 361 683 έδυνε,
398 604 429 668 εί
463 604 503 686 δὴ
541 604 789 686 διαγινώσκοιεν
824 604 920 685 σφίσι
955 623 989 666 τε
1025 597 1181 684 βοηθέειν
1214 601 1249 664 οί
1315 659 1316 664 ,

250 709 364 785 παῖδες
394 709 475 794 πρὸς
505 719 572 773 τῶν
602 706 797 793 κουριδιέων
825 717 993 791 γυναικών
1022 709 1100 784 τοὺς
1126 707 1247 783 παῖδας
1315 669 1317 778 4

250 812 304 878 καὶ
336 816 462 880 τούτων
494 815 609 881 αὐτίκα
638 816 750 898 ἄρχειν
777 810 954 902 πειρῴατο,
985 816 1020 878 τί
1048 813 1089 896 δη
1118 812 1246 897 ἀνδρω-

253 919 369 996 θέντες
391 921 497 1003 δηθεν
519 922 703 1002 ποιήσουσι.
740 919 887 985 ἐνθαῦτα
909 917 1004 997 ἔδοξέ
1024 935 1083 1003 σφι
1105 921 1268 988 κτείνειν
1315 928 1317 935 ’

250 1029 329 1102 τοὺς
346 1028 465 1103 παῖδας
482 1028 560 1102 τοὺς
577 1026 613 1091 έκ
630 1037 697 1090 τῶν
712 1023 882 1091 Ἀττικέων
899 1035 1076 1108 γυναικών.
1116 1035 1247 1091 ποιεῦσι

253 1133 294 1215 δὴ
315 1142 427 1215 ταῦτα,
450 1133 740 1216 προσαπολλύουσι
758 1131 797 1196 δέ
817 1148 929 1214 σφεων
951 1129 1006 1196 καὶ
1023 1132 1080 1207 τὰς
1098 1131 1247 1217 μητέρας.

251 1237 314 1303 ἀπὸ
343 1240 463 1304 τούτου
491 1234 527 1303 δέ
553 1246 613 1303 τοῦ
640 1221 739 1322 ἔργον
765 1235 820 1303 καί
842 1246 902 1302 τοῦ
924 1236 1086 1322 προτέρου
1107 1238 1247 1320 τούτων,

250 1345 287 1410 τὸ
320 1344 500 1429 ἐργάσαντο
532 1345 569 1408 αί
595 1355 747 1427 γυναῖκες
775 1346 852 1420 τοὺς
879 1344 944 1427 ἅμα
971 1345 1093 1408 Θόαντι
1123 1343 1248 1428 ἄνδρας

252 1449 431 1536 σφετέρους
458 1450 702 1533 ἀποκτείνασαι,
729 1453 918 1534 νενόμισται
940 1448 1002 1514 ἀνδ
1024 1449 1084 1532 την
1107 1444 1248 1513 Ἑλλάδα

202 1571 249 1620 139
260 1558 299 1620 τδι
322 1556 453 1641 σχέτλια
479 1559 558 1641 ἔργα
585 1557 691 1622 πάντα
713 1559 845 1640 Λήμνια
870 1555 1055 1644 καλέεσθαι.
1100 1553 1248 1620 ἀποκτεί-

254 1678 331 1727 νασι
359 1659 395 1728 δὲ
422 1673 508 1728 τοῖσι
530 1667 732 1747 Πελασγοῖσι
757 1664 835 1738 τοὺς
862 1660 1041 1747 σφετέρους
1067 1661 1187 1737 παϊδός
1213 1684 1248 1724 τε

252 1767 306 1834 καὶ
337 1779 496 1852 γυναῖκας
525 1769 600 1834 οὔτε
632 1777 672 1852 γη
703 1769 830 1853 καρπὸν
862 1770 958 1852 ἔφερε
988 1767 1063 1832 οὔτε
1094 1765 1247 1849 γυναῖκές

251 1898 285 1940 τε
315 1872 369 1940 καὶ
395 1885 532 1960 ποῖμναι
560 1874 680 1958 ὁμοίως
708 1877 834 1964 ἔτικτον
860 1870 914 1938 καὶ
941 1873 1004 1958 πρὸ
1031 1880 1099 1937 τοῦ.
1144 1875 1248 1951 πιεζό-
1313 1903 1317 1952 g

253 2004 345 2066 μενοι
387 1977 424 2048 δέ
459 1986 542 2068 λιμῷ
578 1979 633 2045 καὶ
671 1979 805 2065 ἀπαιδίῃ
842 1978 875 2055 ές
908 1980 1063 2063 Δελφοὺς
1104 1980 1258 2062 ἔπεμπον,
1314 1969 1316 2026 4

254 2089 350 2153 λύσιν
376 2089 451 2153 τινὰ
472 2089 683 2172 αἰτησόμενοι
704 2097 770 2151 τῶν
792 2087 983 2170 παρεόντων
1005 2094 1122 2150 κακῶν.
1166 2083 1187 2166 η
1212 2080 1248 2148 δὲ

253 2195 369 2275 Πυθίη
399 2191 501 2277 σφέας
524 2192 651 2258 έκέλενε
677 2188 883 2273 Ἀθηναίοισι
906 2192 997 2267 δίκας
1020 2190 1150 2256 διδόναι
1172 2189 1249 2254 ταύ-

253 2319 310 2372 τας
335 2299 392 2374 τδις
419 2298 460 2363 δν
488 2295 582 2363 αὐτοὶ
605 2294 778 2378 Ἀθηναῖοι
805 2297 971 2364 δικάσωσι.
1014 2291 1123 2378 ἦλθόν
1149 2319 1184 2361 τε
1208 2297 1248 2380 δη

255 2401 288 2477 ές
313 2402 370 2477 τὰς
392 2399 535 2486 Ἀθήνας
562 2403 597 2467 οί
618 2399 784 2485 Πελασγοί
810 2400 865 2468 καὶ
892 2404 984 2480 δίκας
1011 2400 1248 2486 ἐπαγγέλλοντο

253 2509 449 2591 βουλόμενοι
486 2509 617 2574 διδόναι
652 2508 774 2584 παντὸς
808 2516 868 2573 τοῦ
901 2507 1106 2592 ἀδικήματος.
1151 2504 1248 2590 Ἀθη-

252 2623 342 2678 ναίοι
379 2609 417 2678 δέ
448 2612 484 2678 έν
514 2621 560 2701 τῷ
596 2616 787 2700 πρυτανηίῳ
823 2616 939 2696 κλίνην
971 2614 1174 2698 στρώσαντες
1205 2613 1251 2689 ὡς

254 2714 343 2804 εἶχον
370 2719 525 2784 κάλλιστα
551 2715 606 2782 καὶ
631 2718 791 2802 τράπεζαν
819 2716 974 2800 ἐπιπλέην
1006 2717 1142 2800 ἀγαθῶν
1169 2718 1250 2783 ποίν-

254 2849 321 2892 των
342 2821 547 2910 παραθέντες
569 2823 720 2890 ἐκέλευον
741 2825 819 2900 τοὺς
841 2826 1034 2908 Πελασγοὺς
1055 2825 1116 2909 την
1138 2825 1249 2909 χώρην

255 2933 351 3017 σφίσι
382 2931 601 3016 παραδιδόναι
633 2928 719 2993 οὕτω
751 2930 900 3012 ἔχουσαν.
950 2929 985 2995 οί
1014 2924 1051 2994 δέ
1082 2928 1250 3012 Πελασγοὶ
1314 2975 1316 3044 4

254 3037 475 3120 ὑπολαβόντες
506 3029 614 3100 εἶπαν·
647 3030 763 3098 Ἐπεὰν
793 3030 893 3118 βορέη
925 3031 1033 3121 ἀνέμφ
1065 3035 1251 3122 αὐτημερὸν

255 3140 395 3226 έξανόση
423 3150 505 3224 νηῦς
528 3140 563 3206 έκ
584 3148 641 3224 τῆς
659 3137 815 3222 ὑμετέρης
839 3138 872 3215 ές
894 3140 954 3222 τὴν
975 3137 1150 3226 ἡμετέρην,
1177 3143 1252 3206 τότε

255 3248 507 3332 παραδώσομεν,
537 3254 646 3324 [τοῦτο
674 3240 782 3328 εἶπαν]
811 3244 1019 3330 ἐπισταμενοι
1045 3255 1142 3312 τοῦτο
1166 3240 1252 3311 εἶναι

255 3350 421 3416 ἀδύνατον
443 3349 619 3436 γενέσθαι·
645 3349 666 3434 ἡ
689 3351 751 3436 γδιρ
771 3347 896 3434 Ἀττικη
919 3351 1001 3436 πρὸς
1023 3353 1123 3418 νότον
1145 3349 1253 3417 κέεται

204 3472 253 3520 τευ
265 3457 388 3523 πολλὸν
424 3465 480 3542 τῆς
511 3459 659 3540 Λήμνου.
709 3457 781 3522 τότε
811 3452 872 3537 μὶν
903 3465 1060 3521 τοσαῦτα·
1096 3459 1182 3522 έτεοι
1216 3459 1253 3522 δὲ
