2678 3970
199 238 262 302 138
607 235 795 292 HERODOTI

197 381 378 446 ἀπόστασιν
396 389 442 468 τῷ
461 379 588 468 ὑστέρῳ
607 384 673 446 έτει·
684 383 1010 466 παρασκευαζόμενον
1023 381 1195 462 συνήνεικε

197 484 299 551 αὐτὸν
317 492 475 572 Δαρείου,
494 488 734 570 βασιλεύσαντα
752 489 791 552 τά
808 487 913 552 πάντα
932 485 965 564 ἕξ
982 487 1017 550 τε
1034 483 1088 551 καί
1105 487 1195 571 τριῆ-

196 613 297 656 κοντα
319 594 406 675 ἔτεα,
434 592 633 676 ἀποθανεῖν,
663 592 743 658 οὐδέ
768 593 804 658 οί
828 590 992 676 ἐξεγένετο
1020 591 1095 658 οὔτε
1117 594 1196 668 τοὺς

197 696 398 775 ἀπεστεῶτας
411 701 616 783 Αίγυπτίους
633 698 710 764 οὔτε
725 697 922 782 Ἀθηναίους
934 700 1195 783 τιμωρήσασθαι.

197 802 426 881 ἀποθανόντος
449 801 486 869 δέ
504 807 651 888 Δαρείου
669 804 690 887 ῆ
708 807 861 889 βασιληίη
880 803 1066 890 ἀνεχώρησε
1085 803 1118 880 ές
1134 805 1195 870 τὸν

162 910 297 974 σπαίδα
319 910 378 975 τὸν
401 911 529 976 ἐκείνου
552 910 686 994 Ξέρξην.
731 910 750 982 ὁ
772 913 889 976 τοίνυν
911 909 1033 994 Ξέρξης
1059 907 1111 975 ἐπὶ
1134 906 1195 994 μὲν

195 1016 257 1098 τῆν
275 1011 415 1081 Ἑλλάδα
443 1015 596 1100 οὐδαμῶς
617 1019 790 1100 πρόθυμος
815 1011 858 1098 ἦν
880 1009 950 1080 κατ’
975 1014 1076 1099 ἀρχάς
1097 1031 1196 1100 στρα-

195 1121 362 1203 τεύεσθαι,
386 1118 438 1186 ἐπὶ
462 1117 499 1186 δὲ
518 1127 690 1204 Λίγυπτον
714 1119 857 1186 ἐποιέετο
880 1129 1033 1206 στρατιῆς
1050 1122 1194 1206 ἀγερσιν.

195 1225 329 1311 παρεὼν
358 1223 395 1291 δὲ
421 1224 476 1291 καὶ
504 1227 688 1311 δυνάμενος
714 1223 793 1311 παρ’
819 1225 908 1314 αὐτῷ
931 1225 1085 1310 μέγιστον
1108 1232 1194 1313 Περ-

194 1332 282 1399 σέων
305 1333 501 1416 Μαρδόνιος
530 1332 749 1418 δΓωβρόεο),
779 1331 815 1408 ὃς
841 1327 883 1415 ἧν
906 1331 1010 1418 Ξέρξη
1038 1329 1098 1416 μέν
1121 1333 1196 1399 ἀνε·

197 1441 282 1521 ψιός,
296 1440 444 1523 Δαρείου
463 1434 500 1503 δέ
518 1437 680 1522 ἀδελφεῆς
692 1450 778 1521 παῖς,
796 1438 949 1503 τοιούτου
964 1441 1065 1521 λόγου
1079 1443 1194 1522 εἴχετο,

194 1545 313 1628 λέγων·
341 1543 510 1626 Δέσποτα,
543 1544 604 1608 οὐκ
631 1547 720 1621 οίκός
746 1544 814 1609 ἐστι
833 1541 1031 1626 Ἀθηναίους
1056 1543 1195 1630 ἐργασα-

194 1650 315 1734 μένους
346 1651 453 1715 πολλά
480 1651 521 1733 δῆ
549 1652 631 1715 κακά
654 1649 786 1736 Πέρσας
812 1651 855 1734 μῆ
883 1649 924 1714 οὐ
952 1651 1070 1714 δοῦναι
1097 1651 1194 1734 δίκην
1268 1717 1274 1724 ,

193 1767 260 1821 τῶν
284 1755 449 1837 ἐποίησαν.
486 1753 557 1820 ἀλλ’
583 1757 614 1820 εί
633 1757 671 1821 τὸ
694 1752 755 1840 μὲν
776 1764 841 1821 νῦν
858 1763 960 1820 ταῦτα
977 1757 1137 1838 πρήσσοις
1153 1755 1195 1820 τά

144 1952 148 1960 Ι
194 1884 254 1948 περ
283 1860 319 1926 έν
346 1858 439 1946 χερσὶ
466 1864 564 1946 ἔχεις·
596 1861 766 1946 ἡμερώσας
796 1857 833 1926 δὲ
859 1866 1030 1944 Αἴγυπτον
1056 1861 1118 1944 τὴν
1145 1860 1194 1938 ἐξ·
1323 1941 1331 1968 χ

193 1971 379 2054 υβρίσασαν
401 1967 616 2054 στρατηλάτεε
639 1965 691 2032 ἐπὶ
712 1968 769 2044 τάς
786 1964 937 2050 Ἀθήνας,
961 1966 1016 2030 ἵνα
1039 1969 1137 2049 λόγος
1158 1962 1195 2030 τέ

194 2091 232 2138 σε
254 2077 311 2159 ἔχη
337 2075 420 2158 πρὸς
447 2074 635 2159 ἀνθρώπων
661 2072 789 2156 ἀγαθὸς
813 2077 872 2137 καί
889 2095 939 2148 τις
966 2071 1106 2157 ὕστερον
1129 2096 1193 2156 ‹pv-

194 2180 353 2261 λάσσηται
376 2178 429 2245 ἐπὶ
451 2189 515 2263 γῆν
541 2181 602 2262 τῆν
628 2179 691 2262 σὴν
718 2179 964 2263 στρατεύεσθαι.
1009 2172 1106 2254 οὗτος
1132 2177 1191 2262 μέν

194 2283 230 2348 οί
249 2283 267 2348 ὁ
291 2286 390 2366 λόγος
411 2279 454 2367 ἦν
476 2287 626 2368 τιμωρός,
648 2285 747 2348 τοῦδε
770 2279 807 2348 δέ
824 2292 884 2348 τοῦ
902 2286 1004 2367 λόγου
1025 2287 1193 2368 παρενθή-

193 2411 255 2472 κην
277 2387 462 2452 ποιεέσκετο
485 2390 594 2470 τῆνδε,
617 2388 662 2464 ὡς
683 2387 704 2470 ῆ
722 2388 867 2474 Εὐρώπη
889 2389 1085 2473 περικαλλὴς
1101 2391 1192 2475 χώρη

193 2491 249 2558 καλ
271 2492 411 2579 δένδρεα
434 2504 575 2558 παντοῖα
597 2492 692 2578 φέρει
713 2493 753 2558 τά
771 2494 885 2577 ῆμερα,
908 2494 1027 2580 ἀρετῆν
1044 2518 1079 2560 τε
1097 2497 1192 2581 ἀκρη,

158 2615 175 2664 ε
193 2596 323 2682 βασιλέι·
342 2620 377 2662 τε
399 2598 513 2684 μούνῳ
535 2603 672 2680 θνητῶν
690 2595 762 2680 ἀξίη
782 2598 947 2682 ἐκτῆσθαι.
981 2609 1084 2666 ταῦτα
1102 2604 1192 2684 ἔλεγε

194 2694 247 2769 οἷα
270 2702 440 2788 νεωτέρων
463 2705 569 2788 ἔργον
591 2703 795 2788 ἐπιθυμητὴς
812 2704 876 2770 ἐὼν
893 2703 948 2770 καί
964 2704 1075 2772 θέλων
1094 2707 1193 2784 αὐτὸς

193 2819 251 2894 τῆς
268 2806 426 2884 Ἑλλάδος
443 2808 589 2894 ὕπαρχος
606 2804 700 2874 είναι.
736 2812 845 2898 χρόνῳ
864 2807 902 2875 δέ
918 2812 1139 2895 κατεργάσατό
1156 2835 1193 2878 τε

192 2913 247 2979 καὶ
266 2913 417 2979 ἀνέπεισε
430 2913 556 2999 Ξέρξην
575 2916 657 2980 ὥστε
675 2914 800 2980 ποιέειν
817 2923 932 2980 ταῦτα·
956 2915 1115 3001 συνέλαβε
1128 2919 1192 3001 γάρ
1319 2941 1327 2980 ι

192 3017 246 3084 καὶ
264 3020 347 3084 ἀλλα
361 3019 396 3084 οί
412 3021 563 3104 σύμμαχα
581 3022 742 3104 γενόμενα
761 3018 794 3096 ἐς
810 3020 848 3084 τὸ
864 3023 1043 3086 πείθεσθαι
1056 3022 1192 3108 Ξέρξην.

192 3133 289 3188 τοῦτο
318 3119 378 3208 μὲν
406 3123 469 3188 ἀπὸ
496 3134 554 3208 τῆς
578 3128 759 3208 Θεσσαλίης
784 3126 872 3210 παρά
897 3136 965 3190 τῶν
989 3123 1192 3195 Ἀλευαδέων

165 3233 170 3242 ’
193 3227 367 3312 ἀπιγμένοι
389 3230 522 3312 ἀγγελοι
545 3229 758 3296 ἐπεκαλέοντο
781 3230 916 3314 βασιλέα
938 3241 1047 3299 πᾶσαν
1064 3240 1192 3318 προθυ-

192 3335 271 3417 μίην
303 3337 520 3419 παρεχόμενοι
552 3333 604 3400 ἐπὶ
631 3336 692 3418 τῆν
714 3332 854 3401 Ἑλλάδα
885 3335 935 3423 (οί
960 3335 997 3404 δὲ
1020 3337 1190 3405 Ἀλευάδαι

193 3431 286 3504 οὗτοι
308 3434 393 3522 ἦσαν
416 3443 599 3525 Θεσσαλίης
620 3440 792 3527 βασιλέες),
815 3449 913 3508 τοῦτο
936 3440 974 3510 δὲ
997 3449 1191 3532 Πεισιστρα-
