2640 3960
232 265 296 329 130
641 261 826 318 HERODOTI

229 415 289 471 τοῦ
317 410 521 472 Σικυωνίου·
553 402 649 483 οὗτός
681 430 716 472 τε
749 407 789 490 δὴ
821 408 946 488 γίνεται
972 403 1143 488 Μεγακλέϊ
1173 401 1227 469 καὶ

224 507 452 598 Ἱπποκράτης,
481 513 516 578 έκ
543 509 581 578 δέ
603 509 830 598 Ἱπποκράτεος
852 509 1046 595 Μεγακλέης
1067 533 1102 576 τε
1128 510 1227 585 άλλος

228 615 283 681 καὶ
306 613 478 704 Ἀγαρίστη
506 620 604 701 άλλη,
632 617 695 683 άπὸ
717 626 774 702 τῆς
797 613 1017 692 Κλεισθένεος
1036 612 1227 701 Ἀγαρίστης

229 725 349 806 ἔχουσα
375 726 412 790 τὸ
444 725 584 808 οὔνομα,
611 722 632 808 ἢ
655 722 880 806 συνοικήσασά
906 744 942 787 τε
969 721 1153 808 Ξανθίππῳ
1180 729 1226 808 τῷ

225 826 423 915 Ἀρίφρονος
450 828 505 896 καὶ
533 833 649 914 ἔγκυος
676 829 776 896 ἐοῦσα
803 824 871 894 εἶδε
893 831 972 906 όψιν
995 829 1032 896 έν
1053 835 1098 915 τῳ
1121 827 1226 915 ὕπνῳ,

228 935 337 1001 ἐδόκεε
361 932 398 1001 δέ
420 935 537 1002 λέοντα
554 945 672 1000 τεκεῖν·
695 933 750 1000 καὶ
768 931 835 1019 μετ’
858 933 970 1018 ὀλίγας
987 933 1109 1019 ἡμέρας
1126 935 1227 998 τίκτει
1316 949 1317 990 4

228 1039 391 1124 Περικλέα
413 1041 608 1127 Ξανθίππῳ.
1316 1045 1317 1048 ’

176 1158 226 1210 132
274 1191 278 1198 -
315 1145 445 1211 ΜΕΤΑ
478 1142 514 1210 δέ
544 1146 582 1212 τὸ
614 1144 651 1211 έν
679 1149 871 1229 Μαραθῶνι
901 1155 1013 1231 τρῶμα
1044 1147 1226 1230 γενόμενον

227 1252 423 1335 Μιλτιάδης,
436 1249 491 1316 καὶ
508 1254 669 1337 πρότερον
687 1249 888 1334 εὐδοκιμέων
906 1251 994 1336 παρὰ
1008 1246 1225 1334 Ἀθηναίοισι,

227 1358 299 1422 τότε
335 1362 459 1440 μᾶλλον
491 1356 615 1435 αὔξετο.
661 1357 795 1440 αἰτήσας
827 1353 864 1421 δὲ
894 1354 971 1433 νέας
1001 1354 1225 1441 ἑβδομήκοντα

227 1460 282 1526 καί
311 1463 466 1546 στρατιήν
488 1459 603 1528 τεκαὶ
625 1464 773 1546 χρήματα
791 1456 1005 1546 Ἀθηναίους,
1032 1462 1074 1528 οὐ
1096 1462 1226 1547 φράσας

228 1583 288 1651 σφι
311 1562 361 1634 ἐπ’
386 1566 429 1651 ἣν
452 1566 734 1653 ἐπιστρατεύσεται
755 1567 882 1652 χώρην,
912 1566 994 1632 ἀλλά
1016 1568 1081 1651 φάς
1102 1567 1224 1644 αὐτοὺς

226 1678 476 1740 καταπλουτιεῖν
503 1674 546 1756 ἥν
573 1674 608 1738 οί
633 1672 786 1738 ἕπωνται·
820 1670 873 1738 έπὶ
895 1675 957 1759 γάρ
980 1675 1091 1760 χώρην
1112 1673 1223 1738 τοιαύ-

226 1803 288 1862 την
319 1780 362 1862 δή
392 1801 466 1844 τινα
498 1777 587 1857 άξειν
616 1779 699 1844 ὅθεν
729 1779 854 1864 χρυσὸν
884 1779 1041 1857 εὐπετέως
1067 1781 1222 1864 άφθονον

228 1891 388 1950 οἴσονται·
411 1883 517 1967 λέγων
538 1893 674 1950 τοιαῦτα
697 1889 781 1949 αι’τεε
801 1885 858 1961 τὰς
873 1884 959 1961 νέας.
995 1881 1166 1968 Ἀθηναῖοι
1185 1881 1222 1949 δέ

176 2005 225 2055 133
235 1991 381 2056 τούτοισι
412 1989 626 2076 ἐπαερθέντες
657 1988 854 2074 παρέδοσαν.
903 1989 1102 2076 παραλαβὼν
1134 1986 1171 2055 δέ
1203 1989 1222 2055 δ
1312 1985 1317 2122 ρ

226 2095 412 2179 Μιλτιάδης
437 2095 497 2179 τὴν
525 2095 680 2178 στρατιὴν
703 2097 795 2160 ἔπλεε
817 2092 870 2160 ἐπὶ
892 2095 1023 2180 Πάρον,
1053 2097 1222 2180 πρόφασιν

227 2201 311 2282 ἔχων
340 2200 384 2277 ὡς
412 2201 447 2266 οί
466 2199 589 2283 Πάριοι
615 2197 762 2283 ὑπῆρξαν
789 2203 942 2286 πρότεροι
969 2202 1222 2285 στρατευόμενοι
1316 2251 1317 2254 .

225 2305 353 2387 τριήρει·
378 2304 410 2379 ές
431 2308 630 2388 Μαραθῶνα
652 2304 717 2387 ἅμα
739 2311 783 2392 τῷ
807 2304 930 2390 Πέρση.
974 2314 1072 2371 τοῦτο
1095 2301 1155 2389 μέν
1178 2306 1220 2389 δὴ

225 2409 398 2490 πρόσχημα
420 2409 521 2490 λόγου
543 2404 596 2492 ἦν,
619 2408 699 2493 άτάρ
721 2431 796 2473 τινα
818 2407 872 2475 καὶ
895 2412 1030 2494 ἔγκοτον
1052 2406 1118 2496 εἶχε
1135 2423 1221 2477 τοῖσι

226 2515 384 2597 Παρίοισι
419 2513 475 2578 διδ
504 2517 706 2600 Λυσαγόρην
736 2515 795 2580 τὸν
830 2519 962 2600 Τισίεω,
999 2517 1094 2582 έόντα
1124 2514 1222 2600 γένος

230 2617 370 2704 Πάριον,
401 2619 599 2701 διαβαλόντα
622 2643 679 2702 μιν
705 2620 788 2706 πρὸς
811 2615 972 2706 Ὑδάρνεα
990 2623 1049 2687 τὸν
1076 2619 1220 2706 Πέρσην.

224 2723 420 2809 ἀπικόμενος
447 2720 484 2789 δὲ
511 2723 544 2801 ές
570 2725 630 2810 τὴν
658 2727 750 2792 έπλεε
776 2725 795 2793 δ
817 2727 1002 2812 Μιλτιάδης
1023 2735 1063 2813 τῇ
1086 2736 1220 2812 στρατιῇ

224 2831 411 2912 ἐπολιόρκεε
433 2833 584 2916 Παρίους
610 2829 862 2916 κατειλημένους
889 2831 981 2910 ἐντὸς
1002 2836 1137 2918 τείχεος,
1164 2831 1220 2898 καὶ

225 2936 398 3022 ἐσπέμπων
423 2938 549 3023 κήρυκα
575 2942 660 3002 αίτεε
682 2935 797 3002 ἑκατὸν
819 2938 975 3022 τάλαντα,
1004 2940 1082 3024 φάς,
1109 2938 1152 3023 ἢν
1174 2941 1219 3023 μή
1309 2951 1317 3030 ·,

225 3043 261 3108 ολ
280 3045 372 3126 δῶσι,
396 3041 457 3108 οὐκ
479 3042 719 3128 ἀπαναστήσειν
740 3044 801 3128 τὴν
818 3044 974 3130 στρατιὴν
991 3042 1071 3130 πρὶν
1087 3043 1108 3129 ἢ
1127 3042 1218 3130 έξέλη

224 3146 335 3232 σφέας.
385 3147 421 3212 οί
454 3143 491 3213 δὲ
523 3148 645 3233 Πάριοι
677 3148 759 3226 ὅκως
794 3148 855 3232 μέν
888 3171 921 3214 τι
956 3151 1101 3215 δώσουσι
1131 3153 1220 3215 Μιλ·

227 3252 319 3338 τιάδη
349 3251 509 3337 ἀργύριον
532 3249 611 3318 οὐδὲ
634 3255 837 3338 διενοεῦντο,
866 3253 902 3319 οί
925 3250 962 3320 δέ
989 3255 1072 3332 ὅκως
1098 3256 1220 3340 διαφυ-

224 3355 361 3434 λάξουσι
386 3357 447 3440 τὴν
475 3360 587 3440 πόλιν,
615 3366 712 3424 τοῦτο
736 3357 944 3444 ἐμηχανῶντο
951 3407 961 3442 ,
989 3361 1072 3426 ἄλλα
1092 3383 1127 3427 τε
1151 3359 1221 3426 έπι-
1316 3421 1317 3436 ,

224 3463 424 3548 φραζόμενοι
454 3459 509 3526 καὶ
535 3471 574 3548 τῇ
603 3463 742 3547 μάλιστα
773 3466 847 3529 έσκε
878 3462 1029 3532 ἑκάστοτε
1059 3464 1221 3552 ἐπίμαχον
