2632 3970
452 337 517 393 ιιΒ.
532 337 578 393 lx.
611 339 687 394 cAP.
707 345 828 395 οε-οι.
1082 344 1146 409 373

141 470 217 560 παῖς
239 493 300 549 τοῦ
322 483 474 566 Εὐηνίου
497 481 648 566 ἀγόντων
673 487 867 569 Κορινθίων
891 485 1084 569 ἐμαντεύετο
1107 483 1146 574 τῆ

142 597 285 673 στρατιῇ.
321 591 386 672 ῆδη
411 585 448 653 δέ
469 586 524 653 καλ
546 589 623 653 τόδε
641 590 768 672 ἤκουσα
786 588 831 665 ὡς
848 589 867 654 ὁ
887 595 1061 673 Δηίφονος
1079 593 1146 660 έπι-

141 695 290 777 βατεύων
317 703 378 760 τοῦ
400 694 550 778 Εὐηνίου
578 694 762 778 οὐνόματος
792 693 988 778 ἐξελάμβανε
1011 697 1063 762 ἐπὶ
1084 701 1145 782 τῆν

137 796 277 865 Ἐλλάδα
300 803 394 884 ἔργα,
419 800 480 864 οὐκ
503 799 567 865 ἐὼν
589 799 740 883 Εὐηνίου
763 811 847 877 παῖς.

233 910 327 972 Τοίσι
346 902 383 970 δὲ
393 903 528 988 Ἕλλησι
547 905 592 1002 ᾡς
612 904 831 992 ἐκαλλιέρησε,
851 906 976 990 ἀνῆγον
994 909 1052 984 τάς
1069 909 1146 987 νέας
1162 931 1198 979 ετ

141 1012 176 1078 ἐκ
199 1021 256 1094 τῆς
274 1013 391 1095 Δήλου
413 1013 496 1097 πρὸς
517 1013 579 1094 τῆν
602 1011 727 1096 Σάμον.
765 1009 834 1076 ἐπεὶ
858 1009 896 1077 δέ
918 1012 1072 1096 ἐγένοντο
1090 1025 1147 1098 τῆς

141 1120 271 1202 Σαμίης
301 1119 384 1201 πρὸς
412 1117 613 1201 Καλάμοισι,
647 1118 682 1182 οί
706 1113 767 1200 μέν
800 1102 903 1182 αὐτοῦ
932 1117 1147 1204 ὁρμισάμενοι

139 1225 221 1288 κατά
247 1224 284 1288 τὸ
303 1221 446 1307 Ἥραιον
472 1224 510 1287 τὸ
535 1223 636 1308 ταύτῃ
660 1207 940 1308 παρεσκευάζοντο
964 1224 998 1300 ἐς
1020 1248 1144 1309 ναυμα-

140 1331 227 1414 χίην,
247 1330 282 1394 οί
294 1325 332 1394 δέ
345 1327 474 1414 Πέρσαι
487 1331 678 1412 πυθόμενοί
689 1345 793 1411 σφεας
807 1311 1005 1414 προσπλέειν
1020 1329 1146 1414 ἀνῆγον

140 1433 195 1499 καὶ
222 1433 316 1499 αὐτοὶ
338 1435 421 1519 πρὸς
443 1435 504 1516 την
527 1435 665 1518 ῆπειρον
688 1435 745 1509 τάς
767 1432 845 1510 νέας
866 1435 924 1510 τάς
947 1435 1062 1517 ἀλλας,
1089 1439 1147 1513 τὰς

141 1537 178 1606 δέ
204 1543 371 1606 Φοινίκων
399 1539 527 1622 ἀπῆκαν
552 1537 737 1604 ἀποπλέειν.
782 1538 1056 1624 βουλευομένοισι
1082 1543 1146 1626 γάρ

140 1662 202 1730 σφι
225 1645 335 1711 ἐδόκεε
357 1649 544 1729 ναυμαχίην
567 1647 610 1728 μῆ
634 1643 821 1709 ποιέεσθαι·
854 1645 980 1730 οὐγὰρ
1004 1641 1052 1710 ὧν
1075 1646 1146 1712 ἐδό-

140 1774 217 1817 κεον
241 1751 350 1835 ὅμοιοι
373 1745 471 1815 εἶναι·
499 1750 533 1826 ἐς
556 1747 592 1814 δέ
614 1751 675 1833 τῆν
698 1752 836 1836 ῆπειρον
859 1749 1039 1835 ἀπέπλεον,
1062 1752 1147 1830 ὅκως

142 1860 220 1922 ἐωσι
246 1856 310 1921 ὑπὸ
338 1857 397 1920 τὸν
424 1857 521 1934 πεζὸν
549 1857 691 1940 στρατὸν
717 1857 776 1920 τὸν
804 1854 966 1941 σφέτερον
990 1857 1086 1922 ἐόντα
1108 1857 1146 1926 ἐν

140 1971 179 2046 τῆ
203 1962 361 2047 Μυκάλη,
393 1960 429 2037 δς
456 1962 672 2037 κελεύσαντος
698 1959 825 2045 Ξέρξεω
855 1960 1146 2046 καταλελειμμένος

144 2077 200 2133 τοῦ
224 2069 325 2133 ἀλλον
350 2075 492 2152 στρατοῦ
507 2061 637 2150 Ἰωνίην
657 2065 836 2150 ἐφύλασσε·
859 2075 920 2131 τοῦ
938 2072 1067 2150 πλῆθος
1085 2065 1146 2152 μὲν

140 2169 182 2256 ἦν
196 2172 229 2251 ’ἐξ
244 2174 411 2259 μυριάδες,
427 2173 619 2257 ἐστρατήγεε
634 2169 671 2236 δὲ
685 2171 789 2238 αὐτοῦ
803 2172 976 2257 Τιγράνης,
987 2173 1102 2238 κάλλεΐ
1110 2196 1145 2238 τε

141 2277 196 2344 καὶ
218 2280 359 2363 μεγάθεϊ
376 2277 574 2364 ὑπερφέρων
594 2277 761 2362 Περσέων.
797 2277 862 2343 ὑπὸ
885 2287 1005 2344 τούτου
1023 2277 1084 2363 μέν
1103 2280 1144 2362 δη

140 2385 199 2449 τὸν
209 2386 349 2470 στρατὸν
360 2384 599 2468 ἐβουλεύσαντο
613 2385 859 2468 καταφυγόντες
871 2385 907 2449 οί
917 2394 977 2450 τοῦ
986 2393 1145 2451 ναυτικοῦ

141 2488 318 2574 στρατηγοὶ
341 2490 513 2574 ἀνειρύσαι
534 2491 593 2566 τάς
614 2489 692 2566 νέας
713 2488 769 2554 καὶ
790 2489 1028 2576 περιβαλέσθαι
1051 2490 1145 2576 ἕρκος

142 2598 245 2680 ἔρυμα
260 2607 328 2661 τῶν
345 2607 431 2662 νεῶν
449 2591 505 2661 καὶ
518 2595 632 2680 σφέων
647 2596 757 2661 αὐτῶν
770 2598 1010 2682 κρησφύγετον.
1043 2603 1145 2660 ταῦτα
1161 2617 1196 2668 ογ

140 2702 401 2786 βουλευσάμενοι
423 2702 596 2785 ἀνήγοντο.
634 2689 825 2786 ἀπικόμενοι
850 2699 886 2766 δὲ
909 2703 997 2787 παρὰ
1017 2702 1054 2766 τὸ
1077 2710 1144 2765 τῶν

141 2806 314 2873 Ποτνιέων
334 2803 412 2892 ίρὸν
424 2816 482 2890 τῆς
496 2808 657 2889 Μυκάλης
676 2807 709 2884 ἐς
723 2807 877 2872 Γαίσωνά
895 2830 930 2871 τε
949 2805 1004 2871 καὶ
1018 2810 1143 2870 Σκολο-

139 2917 272 2996 πόεντα,
285 2921 325 2998 τῆ
335 2916 512 2999 Δήμητρος
521 2911 723 2996 Ἐλευσινίης
734 2910 830 2995 [ἐστὶ]
842 2913 925 2998 ίρόυ,
940 2913 977 2976 τὸ
990 2914 1144 2987 Φίλιστος

140 3019 158 3086 ὁ
178 3019 363 3096 Πασικλέος
384 3020 542 3105 ἱδρύσατο
561 3022 689 3106 Νείλεω
708 3027 753 3106 τῷ
772 3019 909 3102 Κόδρου
928 3017 1144 3101 ἐπισπόμενος

140 3124 193 3191 ἐπὶ
203 3128 357 3209 Μιλῆτου
371 3125 516 3209 κτιστύν,
527 3125 673 3190 ἐνθαῦτα
687 3127 745 3202 τάς
757 3148 792 3190 τε
806 3124 882 3200 νέας
896 3124 1075 3210 ἀνείρυσαν
1089 3121 1143 3187 καὶ

139 3232 374 3316 περιεβάλοντο
390 3231 490 3315 ’ἕρκος
506 3231 561 3296 καὶ
576 3233 684 3296 λίθων
697 3229 752 3296 καὶ
766 3231 885 3314 ξύλων,
900 3230 1040 3315 δένδρεα
1055 3229 1144 3295 ε’κκό-

139 3347 261 3415 ψαντες
280 3340 399 3424 ῆμερα,
421 3336 477 3403 καὶ
496 3340 660 3413 σκόλοπας
677 3336 753 3423 περὶ
774 3339 811 3402 τὸ
834 3336 929 3423 ἕρκος
951 3334 1143 3420 κατέπηξαν.

140 3441 195 3508 καὶ
217 3445 484 3532 παρεσκευάδατο
507 3444 552 3522 ὡς
574 3445 871 3530 πολιορκησόμενοι
897 3441 963 3526 [καὶ
986 3443 1031 3520 ὡς
1053 3444 1144 3527 νικῆ·

141 3565 267 3626 σοντες·
285 3541 339 3630 ,ἐπ’
356 3549 525 3637 ἀμφότερα
542 3550 605 3635 γάρ
625 3547 850 3636 ἐπιλεγόμενοι
864 3544 1143 3636 παρεσκευάζετο].
