2678 3968
338 331 340 336 ,
402 271 466 328 Llss.
484 272 555 329 vlu.
592 273 667 328 CAP.
689 281 808 330 ιε-ιε.
1044 277 1110 340 285

107 413 334 499 ἐντειλάμενος
355 417 395 481 τά
418 415 526 500 λέγειν
548 419 661 500 χρεόν,
684 425 729 504 τῷ
754 417 881 502 οὕνομα
904 415 964 504 μὲν
986 415 1029 503 ἦν
1050 423 1110 485 Σί-

105 543 235 604 κιννος,
263 520 390 605 οἰκέτης
417 518 453 587 δὲ
479 519 535 587 καὶ
561 523 772 606 παιδαγωγὸς
798 519 848 607 ἦν·
863 535 930 589 τῶν
953 529 1110 610 Θεμιστο-

105 625 202 703 κλέος
219 629 363 692 παίδων·
381 629 440 693 τὸν
459 629 500 711 δῆ
518 628 658 714 ὕστερον
676 629 804 693 τούτων
822 640 890 694 τῶν
908 632 1109 715 πρηγμάτων

107 732 347 817 Θεμιστοκλέης
380 733 521 798 Θεσπιέα
547 757 582 798 τε
609 733 758 816 ἐποίησε,
785 734 830 810 ὡς
857 734 1049 801 ἐπεδέκοντο
1078 738 1113 802 οί
1225 789 1230 802 ,

106 837 263 914 Θεσπιέες
280 840 447 921 πολιήτας,
465 837 520 904 καὶ
537 841 680 924 χρῆμασι
698 841 822 923 ὄλβιον.
860 839 897 916 ὃς
913 843 987 905 τότε
1005 845 1109 930 πλοίῳ

5 959 6 966 ’
106 943 303 1027 ἀπικόμενος
324 947 414 1027 έλεγε
432 946 514 1030 πρὸς
530 947 609 1021 τοὺς
627 948 830 1030 στρατηγοὺς
846 957 914 1010 τῶν
932 947 1111 1032 βαρβάρων

104 1050 198 1114 τάδε·
221 1048 370 1134 Ἔπεμψέ
392 1074 431 1134 με
458 1052 639 1134 στρατηγὸς
661 1051 679 1117 δ
700 1047 887 1134 Ἀθηναίων
910 1052 1019 1136 λάθρη
1042 1063 1110 1118 τῶν

106 1157 217 1220 ἀλλων
235 1152 403 1239 Ἑλλήνων
433 1153 601 1241 (τυγχάνει
627 1159 689 1241 γάρ
718 1156 872 1243 φρονέων
896 1158 937 1222 τὰ
958 1156 1111 1240 βασιλέος

106 1259 162 1326 καί
189 1265 393 1346 βουλόμενος
422 1266 548 1344 μᾶλλον
576 1263 616 1327 τά
643 1261 782 1347 ὑμέτερα
809 1264 996 1349 κατύπερθε
1022 1267 1109 1346 γίνε-

107 1374 191 1432 σθαι
213 1366 234 1450 ἢ
257 1369 298 1433 τὰ
319 1379 387 1432 τῶν
404 1363 572 1451 Ἑλλήνων
594 1367 780 1452 πρήγματα)
809 1368 981 1452 φράσοντα
1004 1369 1054 1434 ὅτι
1077 1370 1115 1434 οί

107 1471 264 1557 Ἕλληνες
296 1473 445 1559 δρησμὸν
477 1475 694 1556 βουλεύονται
720 1475 1022 1559 καταρρωδηκότες,
1054 1473 1109 1540 καὶ

106 1588 170 1644 νῦν
196 1577 328 1664 παρέχει
355 1580 531 1644 κάλλιστον
557 1578 658 1665 ὑμέας
682 1582 781 1664 ἔργον
804 1579 958 1646 ἀπάντων
981 1580 1109 1665 ἐξεργά-

106 1692 247 1767 σασθαι,
279 1685 321 1768 ῆν
353 1686 396 1768 μῆ
428 1687 595 1769 περιίδητε
626 1685 826 1769 διαδράντας
857 1686 987 1762 αὐτούς.
1033 1687 1109 1751 οὔτε

105 1793 170 1877 γὰρ
201 1791 371 1874 ἀλλήλοισι
403 1789 649 1875 ὁμοφρονέουσι
676 1787 747 1854 οὔτ’
782 1793 829 1854 ἔτι
856 1789 1109 1873 ἀντιστῆσονται

5 1913 6 1916 ’
106 1896 201 1980 ὑμῖν,
232 1897 314 1979 πρὸς
346 1893 489 1972 ἑωυτούς
514 1918 549 1960 τε
577 1893 680 1978 σφέας
712 1896 837 1971 ὄψεσθε
863 1893 1110 1979 ναυμαχέοντας

105 2004 185 2078 τοὺς
219 2003 258 2066 τά
293 1999 433 2086 ὑμέτερα
464 1999 668 2084 φρονέοντας
698 1999 753 2065 καί
784 2002 863 2076 τοὺς
894 2003 946 2085 μῆ.
997 2000 1015 2067 ὁ
1048 1998 1109 2084 μὲν
1213 2002 1214 2006 ’

105 2106 209 2171 ταῦτά
238 2121 299 2189 σφι
330 2108 477 2191 σημήνας
508 2104 658 2170 ἐκποδὼν
685 2105 923 2170 ἀπαλλάσσετο·
954 2115 1041 2170 τοῖσι
1071 2103 1108 2171 δὲ
1128 2126 1161 2175 τε

106 2211 152 2286 ὡς
180 2212 278 2274 πιστά
305 2211 431 2293 ἐγίνετο
460 2211 501 2275 τὰ
528 2209 747 2294 ἀγγελθέντα,
774 2219 872 2275 τοῦτο
900 2207 961 2294 μὲν
988 2211 1022 2288 ές
1047 2213 1109 2296 τῆν

106 2316 227 2397 νησῖδα
255 2315 316 2398 τῆν
345 2316 591 2396 [Ψυττάλειαν]
619 2314 740 2399 μεταξὺ
766 2319 956 2399 Σαλαμῖνός
983 2340 1018 2382 τε
1043 2342 1108 2384 κει-

106 2418 211 2503 μένην
232 2419 287 2484 καὶ
313 2430 371 2504 τῆς
397 2421 535 2505 η’πείρου
561 2423 705 2497 πολλοὺς
726 2433 793 2486 τῶν
815 2421 974 2506 Περσέων
997 2423 1108 2508 ἀπεβί-

105 2529 228 2610 βασαν·
249 2536 347 2592 τοῦτο
366 2526 413 2609 δέ,
433 2527 544 2606 ἐπειδῆ
562 2526 712 2610 ἐγίνοντο
727 2525 824 2611 μέσαι
837 2528 962 2610 νύκτες,
981 2528 1108 2612 ἀνῆγον

105 2627 167 2716 μέν
184 2633 222 2698 τὸ
241 2627 296 2697 ἀπ’
317 2631 455 2716 ἑσπέρης
472 2631 570 2716 κέρας
586 2633 805 2717 κυκλούμενοι
822 2634 904 2716 πρὸς
921 2635 983 2716 τῆν
997 2640 1108 2700 Σαλα-

105 2748 196 2822 μῖνα,
220 2737 345 2821 ἀνῆγον
368 2734 405 2803 δὲ
429 2737 463 2802 οί
483 2735 567 2821 ἀμφὶ
589 2738 650 2821 τῆν
671 2737 761 2803 Κέον
783 2760 818 2802 τε
840 2735 895 2802 καὶ
917 2739 978 2821 τῆν
996 2743 1107 2806 Κυνό-

104 2859 232 2928 σουραν
250 2843 451 2929 τεταγμένοι,
470 2845 619 2927 κατεῖχόν
632 2866 667 2908 τε
681 2842 775 2928 μέχρι
789 2846 986 2927 Μουνυχίης
1000 2845 1107 2910 πάντα

103 2949 164 3013 τὸν
190 2951 346 3034 πορθμὸν
372 2958 447 3034 τῆσι
473 2952 581 3032 νηυσί.
625 2950 731 3012 τῶνδε
758 2948 867 3012 εἵνεκα
894 2947 1019 3032 ἀνῆγον
1048 2952 1106 3026 τάς

103 3053 191 3138 νέας,
215 3055 270 3120 ἵνα
293 3056 334 3138 δῆ
352 3065 439 3120 τοῖσι
453 3051 589 3136 Ἕλλησι
607 3049 689 3137 μηδὲ
709 3062 829 3138 φυγεῖν
848 3050 913 3136 ἐξῆ,
932 3051 1003 3118 ἀλλ’
1025 3053 1105 3120 ἀπο-

103 3159 313 3244 λαμφθέντες
334 3160 371 3226 ἐν
388 3169 427 3245 τῆ
446 3164 613 3243 Σαλαμῖνι
632 3159 723 3222 δοῖεν
740 3160 828 3222 τίσιν
845 3168 913 3222 τῶν
931 3156 981 3223 ἐπ’
999 3156 1105 3247 Ἀρτε-

103 3269 202 3352 μισίω
235 3266 480 3351 ἀγωνισμάτων.
525 3263 558 3340 ές
586 3260 623 3328 δὲ
648 3263 709 3347 τῆν
736 3263 857 3345 νησῖδα
883 3263 944 3346 τῆν
976 3267 1105 3332 Ψυττά-

103 3375 197 3436 λειαν
232 3371 435 3456 καλεομένην
471 3370 667 3455 ἀπεβίβαζον
702 3379 769 3434 τῶν
805 3367 963 3453 Περσέων
998 3373 1105 3438 τῶνδε

9 3529 10 3532 ¹
102 3475 227 3554 εἵνεκα,
256 3476 300 3551 ὡς
323 3477 421 3542 έπεδιν
443 3480 574 3561 γίνηται
595 3478 771 3564 ναυμαχίη,
795 3473 942 3542 ένδαῦτα
963 3477 1104 3561 μάλιστα
