2632 3970
205 251 270 316 362
620 246 805 303 HERODOTI

208 395 443 480 Ῥυνδαρίδησι.
479 404 566 459 τοῖσι
585 391 622 459 δέ
641 397 820 458 Δεκελεῦσι
840 391 877 458 ἐν
894 392 1031 477 Πτάρτη
1050 391 1113 457 ἀπὸ
1132 393 1212 457 τού-

202 522 265 564 του
292 508 352 564 τοῦ
379 503 479 584 ἔργου
507 499 633 582 ἀτελείη
660 522 695 564 τε
722 497 777 564 καὶ
803 501 962 584 προεδρίη
992 496 1149 563 διατελέει
1177 497 1212 574 ές

203 606 281 670 τόδε
308 603 373 671 αίεὶ
396 609 444 670 ἔτι
471 605 586 688 ἐοῦσα,
614 605 700 670 ούτω
728 605 811 670 ὥστε
837 603 892 670 καλ
919 604 953 681 ἐς
978 605 1037 670 τὸν
1063 606 1212 688 πόλεμον

204 711 265 776 τὸν
291 712 431 797 ὕστερον
462 717 614 777 πολλοῖσι
641 713 726 776 ἔτεσι
753 712 881 776 τούτων
907 712 1087 794 γενόμενον
1110 706 1212 794 Ἀθη-

205 820 333 882 ναίοισί
346 841 382 882 τε
404 816 459 884 καί
477 820 789 900 Πελοποννησίοισι,
814 816 999 901 σινομένων
1021 817 1082 900 τὴν
1104 817 1212 900 ἀλλην

152 945 188 996 ‘14
203 920 351 1007 Ἀττικὴν
365 925 650 1009 Λακεδαιμονίων,
667 922 830 1007 Δεκελέης
847 921 1060 1007 ἀποσχέσθαι.
1087 923 1212 988 τούτου
1303 992 1304 1002 ,

206 1039 267 1094 τοῦ
290 1031 398 1114 δήμου
420 1029 484 1095 ἐὼν
508 1029 526 1095 ὁ
545 1028 713 1114 Σωφάνης
735 1027 790 1095 καὶ
812 1029 1007 1113 ἀριστεύσας
1024 1031 1097 1094 τότε
1111 1025 1213 1111 ’Δθη-
1303 1015 1304 1018 ¹

206 1139 311 1201 ναίων
337 1135 449 1214 διξοὺς
470 1139 591 1219 λόγους
613 1134 812 1220 λεγομένους
834 1139 915 1220 ἔχει,
942 1136 1002 1199 τὸυ
1024 1131 1085 1219 μέν
1107 1135 1152 1212 ώς
1174 1133 1214 1200 ἐκ

206 1251 267 1308 τοῦ
290 1246 452 1327 ζωστῆρος
473 1251 535 1307 τοῦ
556 1243 711 1326 θώρηκος
729 1241 846 1326 ἐφόρεε
864 1241 985 1328 χαλκέη
1004 1240 1101 1307 ἁλύσι
1118 1241 1213 1305 δεδε-

206 1347 312 1433 μένην
334 1350 482 1431 ἀγκυραν
505 1346 675 1433 σιδηρέην,
697 1348 758 1431 τὴν
781 1348 866 1424 ὅκως
887 1348 1037 1413 πελάσειε
1059 1347 1213 1412 ἀπικνεό-

207 1478 306 1538 μενος
314 1465 400 1519 τοῖσι
413 1457 598 1537 πολεμίοισι
608 1451 814 1536 βαλλέσκετο,
825 1454 880 1519 ἵνα
895 1455 936 1537 δη
946 1477 1004 1538 μιν
1017 1454 1054 1518 οί
1060 1452 1213 1536 πολέμιοι
1304 1507 1305 1534 3

207 1560 417 1636 ἐκπίπτοντες
435 1560 471 1626 έκ
488 1569 545 1643 τῆς
562 1559 672 1638 τάξιος
685 1568 896 1644 μετακινῆσαι
910 1561 953 1644 μὴ
969 1561 1141 1625 δυναίατο·
1160 1584 1213 1642 γι-

206 1665 350 1750 νομένης
368 1663 406 1731 δὲ
424 1675 532 1750 φυγῆς
549 1677 616 1730 τών
635 1665 796 1730 ἐναντίων
815 1665 968 1731 ἐδέδοκτο
986 1667 1047 1749 τὴν
1061 1667 1212 1750 ἀγκυραν

207 1773 417 1855 ἀναλαβόντα
435 1771 521 1836 οὕτω
545 1771 687 1835 διώκειν.
727 1765 824 1847 οὗτος
846 1767 906 1855 μέν
929 1771 1015 1836 οὕτω
1034 1769 1172 1853 λέγεται,
1191 1771 1211 1836 ὁ

208 1875 242 1944 δ’
267 1877 377 1964 ἕτερος
398 1888 466 1943 τών
488 1879 599 1960 λόγων
621 1879 669 1964 τῷ
689 1879 852 1962 πρότερον
875 1876 1027 1961 λεχθέντι
1045 1876 1213 1961 ἀμφισβα-
1304 1859 1305 1920 3

207 1983 292 2050 τέων
321 1984 464 2068 λέγεται,
497 1983 541 2060 ώς
573 1979 622 2047 ἐπ’
653 1982 791 2058 ἀσπίδος
818 1980 882 2047 αίελ
908 1982 1129 2068 περιθεούσης
1155 1979 1212 2046 καὶ

209 2091 340 2175 ούδαμά
366 2090 600 2176 ἀτρεμιζούσης
627 2088 744 2173 ἐφόρεε
773 2088 934 2171 ἐπίσημον
961 2089 1124 2174 ἄγκυραν,
1155 2087 1213 2153 καὶ

156 2213 191 2264 75
210 2197 272 2262 οὐκ
294 2196 330 2262 ἐκ
351 2206 412 2261 τοῦ
434 2197 589 2280 θώρηκος
612 2193 792 2278 δεδεμένην
811 2193 977 2279 σιδηρέην.
1013 2197 1082 2259 έστι
1100 2191 1138 2259 δὲ
1156 2193 1213 2259 καὶ
1305 2205 1306 2214 ’

209 2301 322 2385 ἕτερον
335 2302 496 2385 Σωφάνεϊ
511 2301 662 2385 λαμπρὸν
677 2303 776 2384 ἔργον
790 2297 1039 2384 ἐξεργασμένον,
1054 2301 1108 2366 ὅτε
1121 2321 1214 2384 περι-

209 2407 401 2490 κατημένων
412 2403 602 2489 Ἀθηναίων
610 2412 755 2489 Αίγιναν
769 2406 968 2491 Εὐρυβάτην
981 2407 1040 2472 τὸν
1051 2403 1212 2491 Ἀργείου,

209 2514 317 2598 ἀνδρα
337 2512 554 2595 πεντάεθλον,
578 2512 614 2577 ἐκ
631 2515 829 2597 προκλήσιος
847 2512 1016 2596 ἐφόνευσε.
1053 2513 1156 2578 αὐτὸν
1175 2509 1213 2578 δέ

209 2619 377 2703 Σωφάνεα
390 2621 499 2706 χρόνῳ
518 2618 659 2703 ὕστερον
675 2619 804 2684 τούτων
822 2617 978 2702 κατέλαβε
996 2619 1104 2704 ἀνδρα
1118 2621 1213 2702 γενό

209 2749 312 2812 μενον
334 2725 482 2810 ἀγαθόν,
506 2722 696 2807 Ἀθηναίων
718 2723 960 2809 στρατηγέοντα
982 2725 1048 2808 άμα
1071 2725 1213 2812 Λεάγρῳ

208 2841 255 2921 τῷ
274 2833 483 2915 Γλαύκωνος,
502 2829 688 2896 ἀποθανεῖν
706 2831 770 2895 ὑπὸ
786 2828 945 2896 Ἠδωνῶν
964 2830 1001 2896 έν
1019 2829 1119 2918 Δάτῳ
1138 2827 1213 2914 περὶ
1302 2910 1306 2918 ¹

209 2950 277 3005 τών
300 2939 468 3024 μετάλλων
490 2947 558 3001 τῶν
580 2933 730 3021 χρυσέων
753 2937 948 3019 μαχόμενον.

102 3037 106 3045 ’
158 3060 193 3110 τό
294 3042 350 3121 Ὡς
377 3039 414 3108 δέ
441 3053 527 3108 τοῖσι
551 3039 687 3124 Ἕλλησι
713 3039 750 3105 έν
777 3045 962 3125 Πλαταιῇσι
988 3038 1213 3126 κατέστρωντο

212 3151 247 3215 οί
267 3151 440 3235 βάρβαροι,
464 3147 610 3213 ἐνθαῦτά
633 3163 694 3230 σφι
717 3144 839 3229 έπηλθε
861 3147 946 3230 γυνη
970 3146 1166 3232 αὐτόμολος·
1192 3146 1213 3230 ἣ

113 3290 117 3297 ·
211 3254 324 3338 ἐπειδὴ
351 3258 455 3339 έμαθε
481 3253 692 3328 ἀπολωλότας
717 3253 795 3328 τοὺς
818 3249 950 3336 Πέρσας
975 3248 1030 3315 καί
1051 3262 1215 3328 νικῶντας

211 3363 290 3436 τοὺς
308 3359 480 3444 Ἕλληνας,
505 3359 605 3424 ἐοῦσα
627 3357 775 3440 παλλακὴ
799 3357 1031 3442 Φαρανδάτεος
1052 3366 1113 3423 τοῦ
1136 3357 1222 3422 Τεά-’

211 3481 309 3542 σπιος
331 3465 453 3546 ἀνδρὸς
476 3463 623 3545 Πέρσεω,
646 3461 879 3547 κοσμησαμένη
900 3469 1011 3548 γρυσώ
1029 3466 1141 3527 πολλῶ
1160 3460 1216 3528 καὶ
