2678 3970
217 260 282 324 206
630 258 821 313 HERODOTI

215 405 388 486 πρήγματα
409 402 473 486 πρὸ
496 410 557 466 τοῦ
580 405 702 467 στόλου
723 411 784 468 τοῦ
806 401 986 486 γινομένου
1008 401 1222 486 παραδώσειν
1325 337 1328 476 ί

216 507 320 590 σφέας
345 508 407 591 τήν
433 509 524 590 ἰδίην
551 507 762 594 ἐλευθερίην,
789 506 844 573 καὶ
871 508 958 573 οὕτω
985 505 1064 572 οὐδὲ
1086 508 1222 590 δεήσειν
1327 517 1328 520 ’

217 606 267 676 ἐπ’
297 611 418 689 αὐτοὺς
439 612 739 698 στρατηλατέοντας
760 615 934 698 πρήγματα
957 615 1053 696 ἔχειν.
1093 606 1163 676 οἶκε
1181 607 1221 676 δὲ
1326 643 1328 684 ς

217 717 320 782 αὐτοῦ
347 719 429 801 αὕτη
451 719 472 801 ἡ
494 719 610 802 γνώμη
632 720 711 803 τῇδε
733 721 829 804 άλλη·
861 719 926 784 ἐὼν
947 719 1011 804 γὰρ
1033 717 1070 784 έν
1090 714 1219 804 ’Λβύδιμ
1326 693 1328 852 Ι

216 823 234 888 δ
262 823 384 911 Ξέρξης
410 820 478 890 εἶδε
504 830 603 890 πλοῖα
631 825 667 890 ἐκ
694 835 755 890 τοῦ
778 827 913 890 Πόντου
940 826 1106 908 σιταγωγά
1132 824 1220 888 διεκ-
1260 863 1283 892 «ι

215 929 358 995 πλέοντα
387 931 447 996 τὸν
470 927 729 1014 Ἑλλήσποντον,
757 935 791 1008 ές
810 953 846 996 τε
868 937 1014 1014 Αίγιναν
1035 927 1091 994 καὶ
1112 933 1220 993 Πελο·

214 1037 385 1119 πόννησον
411 1039 617 1121 κομιζόμενα.
662 1037 698 1101 οί
717 1033 778 1121 μὲν
801 1036 843 1120 δή
865 1037 1025 1122 πάρεδροι
1047 1035 1150 1100 αὐτοῦ
1173 1035 1220 1112 ὡς

215 1139 382 1205 ἐπύθοντο
400 1141 540 1225 πολέμια
558 1137 644 1207 εἶναι
661 1144 702 1206 τά
719 1148 828 1224 πλοῖα,
847 1141 972 1226 ἕτοιμοι
989 1137 1074 1224 ἦσαν
1092 1139 1218 1224 αἱρέειν

215 1245 312 1329 αὐτά,
340 1245 554 1330 ἐσβλέποντες
581 1247 615 1323 ές
636 1249 696 1312 τὸν
717 1247 854 1330 βασιλέα
876 1247 970 1313 ὁκότε
991 1245 1216 1332 παραγγελέει.

215 1350 233 1415 ό
257 1347 294 1416 δὲ
316 1351 439 1438 Ξέρξης
460 1358 566 1437 είρετο
588 1353 710 1430 αὐτοὺς
733 1354 793 1439 όκη
815 1353 961 1419 πλέοιεν·
992 1354 1027 1418 οἱ
1047 1349 1085 1418 δὲ
1106 1347 1216 1417 είποιν·

211 1450 263 1533 Ἐς
288 1459 367 1534 τοὺς
392 1460 473 1534 σοὺς
499 1462 691 1543 πολεμίους,
720 1455 746 1524 ὦ
770 1458 927 1542 δέσποτα,
955 1469 1049 1524 σῖτον
1071 1460 1215 1541 άγοντες.

214 1562 233 1626 ὁ
260 1560 298 1628 δὲ
329 1564 506 1647 ὑπολαβὼν
538 1567 616 1648 ἔφη·
649 1564 720 1629 Οὐκ
746 1561 794 1630 ὧν
825 1563 881 1630 καὶ
907 1565 1000 1649 ἡμεῖς
1027 1565 1095 1630 ἐκεῖ
1120 1563 1215 1629 πλέο-

213 1690 275 1750 μεν
297 1669 382 1733 ένθα
403 1691 465 1754 περ
487 1667 542 1734 ml
565 1665 669 1753 οὗτοι,
692 1675 782 1736 τοῖσί
800 1694 836 1736 τε
854 1672 984 1737 άλλοισι
1002 1669 1214 1756 ἐξηρτυμένοι

212 1771 268 1836 καὶ
294 1777 389 1862 σίτῳ;
424 1779 460 1840 τί
485 1777 567 1860 δῆτα
593 1775 763 1841 ἀδικέουσι
785 1772 880 1843 οὗτοι
900 1777 981 1862 ἡμῖν
1002 1780 1090 1841 σιτία
1111 1797 1214 1863 παρα-

213 1881 413 1962 κομίζοντεςς

302 1987 348 2051 Οί
366 1986 428 2071 μέν
449 2011 514 2052 νυν
535 1988 736 2054 κατάσκοποι
763 1989 850 2054 οὕτω
872 1988 1079 2072 θεησάμενοί
1097 2009 1132 2052 τε
1158 1985 1214 2051 καί

164 2112 212 2162 148
222 2089 494 2176 ἀποπεμφθέντες
525 2093 707 2177 ἐνόστησαν
738 2094 772 2171 ἐς
804 2095 865 2178 τήν
895 2094 1080 2180 Εὐρώπην,
1113 2094 1148 2159 οί
1176 2089 1213 2158 δὲ

214 2200 402 2280 συνωμόται
429 2195 596 2282 Ἑλλήνων
628 2198 681 2264 ἐπὶ
713 2208 759 2288 τῷ
788 2199 902 2286 Πέρση
933 2200 1012 2284 μετὰ
1042 2199 1104 2282 τήν
1134 2197 1214 2264 άπό

213 2309 336 2383 πεμψιν
367 2314 433 2368 τῶν
460 2307 674 2370 κατασκόπων
702 2307 839 2391 δεύτερα
865 2308 1010 2389 ἔπεμπον
1038 2304 1071 2381 ές
1092 2303 1215 2390 Ἀργος

213 2402 380 2487 ἀγγέλους.
421 2402 562 2492 Ἀργεῖοι
594 2407 631 2474 δὲ
662 2409 796 2492 λέγουσι
822 2412 863 2476 τά
888 2409 958 2476 κατ’
989 2409 1133 2488 ἑωυτοὺς
1160 2435 1214 2495 γε-

213 2507 332 2575 νέσθαι
368 2506 446 2576 ὧδε·
481 2513 653 2579 πυθέσθαι
687 2517 751 2601 γάρ
783 2516 899 2580 αὐτίκα
934 2514 1005 2580 κατ’
1039 2516 1141 2602 άρχάς
1173 2519 1214 2582 τά

213 2616 249 2682 ἐκ
275 2625 336 2683 τοῦ
357 2618 528 2703 βαρβάρου
551 2619 741 2705 ἐγειρόμενα
769 2620 821 2686 ἐπὶ
842 2623 904 2706 τήν
922 2619 1076 2706 Ἑλλάδα,
1105 2626 1214 2689 πυθό-

212 2747 307 2808 μενοι
338 2720 375 2789 δὲ
406 2721 460 2789 καί
491 2728 657 2810 μαθόντες
687 2727 731 2803 ὥς
762 2743 866 2811 σφεας
897 2730 933 2793 οί
957 2728 1114 2812 Ἕλληνες
1143 2751 1213 2794 πει-

213 2833 371 2916 ρήσονται
402 2831 715 2917 παραλαμβάνοντες
741 2831 794 2899 ἐπὶ
819 2836 879 2899 τὸν
906 2833 1056 2918 Πέρσην,
1087 2835 1213 2919 πέμψαι

212 2939 423 3023 θεοπρόπους
459 2937 492 3015 ές
523 2941 680 3022 Δελφοὺς
715 2940 774 3006 τὸν
805 2941 889 3004 θεὸν
925 2940 1213 3026 ἐπειρησομένους,
1313 2933 1325 2949 ⁴

213 3044 257 3120 ὥς
292 3060 354 3128 σφι
384 3042 495 3128 μέλλει
526 3046 662 3131 άριστον
698 3044 848 3110 ποιέουσι
879 3049 1054 3129 γίνεσθαι·
1093 3046 1213 3114 νεωστί

211 3151 274 3235 γάρ
306 3149 419 3234 σφέων
454 3152 614 3216 τεθνάναι
645 3150 881 3235 ἑξακισχιλίους
915 3152 979 3217 ὑπὸ
1007 3156 1212 3239 Λακεδαιμο-

211 3257 295 3320 νίων
330 3254 385 3320 καὶ
420 3256 625 3341 Κλεομένεος
659 3265 720 3322 τοῦ
752 3251 1030 3344 Ἀναξανδρίδεω,
1066 3270 1132 3325 τῶν
1168 3260 1211 3344 δή

212 3360 320 3426 εἵνεκα
348 3360 494 3445 πέμπειν.
539 3364 600 3447 τήν
628 3358 665 3428 δέ
692 3365 830 3445 Πυθίην
857 3363 1054 3450 ἐπειρωτῶσι
1081 3365 1212 3431 αὐτοῖσι

211 3466 340 3532 ἀνελεῖν
361 3467 454 3531 τάδε·
