2678 3968
451 254 518 308 LIB.
533 255 606 310 VIII.
643 255 719 312 CAP.
738 263 859 313 52-57.
1089 260 1154 326 275

158 397 359 483 ἐμπρήσαντι
384 400 421 464 τὸ
450 401 532 485 ίρόν.
582 400 617 464 οί
641 397 677 464 δέ
704 401 849 484 φυγάδες
875 413 942 467 τῶν
966 399 1153 488 Ἀθηναίων

158 502 316 586 ἐποίησαν
337 506 377 570 τὰ
399 503 622 590 ἐντεταλμένα.
663 515 724 570 τοῦ
746 503 783 572 δέ
806 507 928 572 εἵνεκεν
950 510 1077 574 τούτων
1099 509 1153 575 ἐπ-

159 611 345 693 εμνήσθην,
373 611 498 694 φράσω.
543 612 611 676 ἐστι
638 609 675 676 ἐν
701 619 740 695 τῆ
766 611 923 695 ἀκροπόλι
944 615 1046 698 ταύτῃ
1065 611 1152 700 Ἐρε-
1171 632 1205 680 55

157 711 258 798 χθέος
279 724 339 780 τοῦ
360 714 516 799 γηγενέος
533 714 713 799 λεγομένου
732 710 817 782 εἶναι
834 719 924 800 νηός,
944 717 980 784 ἐν
997 726 1042 805 τῷ
1061 718 1151 802 ἐλαίη

157 842 192 884 τε
213 817 268 885 καὶ
290 819 443 885 θάλασσα
465 823 526 903 ἔνι,
547 821 588 885 τδι
609 823 707 904 λόγος
726 823 814 906 παρὰ
829 818 1015 904 Ἀθηναίων
1034 827 1153 888 Ποσει-

159 922 266 990 δέωνιί
296 948 331 990 τε
361 923 416 990 καλ
443 921 625 1008 Ἀθηναίην
656 925 827 1009 ἐρίσαντας
857 925 931 1012 περὶ
962 936 1019 1011 τῆς
1046 929 1153 1013 χώρης

158 1031 320 1116 μαρτύρια
337 1029 470 1096 θέσθαι.
501 1031 623 1115 ταύτην
643 1027 690 1096 ὧν
707 1033 768 1115 τήν
787 1032 900 1115 ἐλαίην
918 1033 984 1117 ἅμα
1001 1039 1046 1120 τῷ
1064 1033 1152 1120 ἄλλφ

159 1137 219 1224 ἱρῷ
245 1134 400 1219 κατέλαβε
427 1135 654 1222 ἐμπρησθῆναι
681 1137 745 1201 ὑπὸ
771 1148 839 1202 τῶν
860 1138 1051 1223 βαρβάρων·
1080 1139 1153 1202 δευ-

158 1241 235 1327 τέρη
258 1238 295 1307 δὲ
316 1239 420 1327 ήμέρη
443 1241 505 1308 ἀπὸ
528 1250 585 1326 τῆς
605 1241 781 1327 ἐμπρήσιος
796 1239 982 1326 Ἀθηναίων
1005 1243 1040 1307 οί
1054 1244 1154 1307 θύειν

158 1346 222 1412 ὑπὸ
236 1346 388 1430 βασιλέος
400 1350 609 1432 κελευόμενοι
622 1348 666 1424 ὡς
680 1347 845 1432 ἀνέβησαν
858 1349 892 1425 ἐς
904 1349 941 1414 τὸ
956 1350 1041 1434 ίρόν,
1057 1348 1154 1433 ὥρων

50 1469 53 1473 “
159 1455 301 1537 βλαστὸν
322 1452 358 1518 ἐκ
379 1461 439 1518 τοῦ
460 1451 624 1538 στελέχεος
643 1454 723 1518 ὅσον
740 1477 775 1519 τε
793 1465 955 1538 πηχυαῖον
973 1453 1153 1540 ἀναδεδρα-

158 1561 289 1644 μηκότα.
337 1553 428 1624 οὗτοι
451 1558 512 1642 μέν
533 1582 598 1624 νυν
619 1567 720 1624 ταῦτα
742 1561 899 1645 ἔφρασαν.

247 1664 292 1729 OC
316 1659 352 1728 δέ
379 1662 416 1728 ἐν
437 1667 603 1747 Σαλαμῖνι
624 1661 794 1747 Ἕλληνες,
822 1664 866 1740 ὥς
888 1680 949 1749 σφι
971 1663 1151 1748 ἐξαγγέλθη
1170 1687 1204 1736 56

161 1771 203 1848 ὡς
225 1772 298 1854 ἔσχε
319 1771 359 1833 τὰ
376 1767 450 1854 περὶ
467 1769 529 1852 τήν
543 1765 712 1851 Ἀθηνέων
730 1768 920 1855 ἀκρόπολιν,
943 1769 976 1847 ἐς
992 1779 1153 1836 τοσοῦτον

159 1878 310 1962 θόρυβον
341 1875 495 1940 ἀπίκοντο
527 1874 610 1938 ὥστε
639 1875 723 1938 ἐνιοι
752 1885 819 1939 τῶν
850 1886 1041 1960 στρατηγῶν
1073 1872 1152 1940 οὐδὲ

159 1987 350 2068 κυρωθῆναι
372 1982 489 2064 έμενον
510 1980 548 2044 τὸ
571 1982 786 2063 προκείμενον
806 1989 947 2064 πρῆγμα,
971 1977 1040 2045 ἀλλ’
1068 1983 1101 2057 ἔς
1118 2004 1152 2046 τε

159 2089 215 2163 τὰς
241 2085 318 2163 νέας
340 2084 512 2151 ἐσέπιπτον
538 2083 593 2150 καλ
621 2085 706 2149 ίστία
729 2084 878 2169 ἀείροντο
901 2085 946 2161 ὡς
968 2085 1152 2151 ἀποθευσό

160 2211 264 2277 μενοι·
291 2195 380 2256 τοῖσί
398 2215 434 2257 τε
460 2189 747 2274 ὑπολειπομένοισι
774 2189 884 2254 αὐτῶν
908 2189 1061 2276 ἐκυρώθη
1088 2193 1152 2278 πρὸ

159 2307 219 2363 τοῦ
236 2292 371 2382 Ἰσθμοῦ
397 2294 601 2381 ναυμαχέειν.
645 2294 705 2373 νύξ
727 2318 762 2360 τε
789 2295 915 2378 ἐγίνετο
941 2295 996 2361 καὶ
1023 2299 1058 2362 οἳ
1082 2299 1152 2362 δια-

160 2405 316 2480 λυθέντες
347 2402 383 2468 ἐκ
405 2411 473 2466 τοῦ
502 2401 679 2486 συνεδρίου
710 2399 884 2484 ἐσέβαινον
915 2400 948 2477 ές
978 2403 1036 2478 τὰς
1066 2401 1151 2480 νέας.

161 2509 304 2576 ἐνθαῦτα
323 2509 363 2590 δή
379 2505 596 2591 Θεμιστοκλέα
609 2505 808 2590 ἀπικόμενον
826 2504 880 2572 ἐπὶ
892 2506 952 2589 τήν
969 2504 1028 2572 νέα
1047 2512 1151 2593 είρετο
1169 2529 1203 2578 οι

159 2617 371 2699 Μνησίφιλος
397 2612 480 2698 ἀνήρ
504 2610 680 2696 Ἀθηναῖος
707 2612 725 2678 ὅ
751 2635 782 2676 τι
810 2628 871 2696 σφι
899 2617 949 2695 είη
977 2615 1150 2696 βεβουλευ-

159 2721 268 2808 μένον.
311 2723 500 2805 πυθόμενος
523 2715 559 2784 δὲ
581 2721 664 2804 πρὸς
685 2718 788 2783 αὐτοῦ
810 2718 855 2795 ὡς
876 2722 927 2801 είη
951 2715 1151 2801 δεδογμένον

160 2827 293 2912 ἀνάγειν
319 2829 376 2904 τὰς
401 2824 478 2902 νέας
503 2825 585 2910 πρὸς
609 2825 669 2888 τὸν
687 2819 824 2907 Ἰσθμὸν
849 2820 905 2887 καλ
926 2823 990 2906 πρὸ
1012 2830 1070 2905 τῆς
1086 2825 1151 2887 Πε-

159 2937 367 3017 λοποννήσου
393 2927 604 3014 ναυμαχέειν,
632 2924 714 2994 εἶπε·
738 2927 789 2994 Οὔ
805 2950 857 2992 τοι
879 2928 954 3013 όίρα,
975 2925 1018 3011 ῆν
1041 2926 1151 2992 ἀπαεί-

160 3057 241 3125 ρωσι
275 3040 332 3116 τὰς
366 3035 443 3114 νέας
473 3035 536 3101 ἀπὸ
570 3039 774 3117 Σαλαμῖνος,
810 3029 885 3118 περὶ
920 3031 1075 3117 οὐδεμιῆς
1104 3035 1152 3098 ἔτι

127 3163 129 3168 ’
158 3145 314 3231 πατρίδος
330 3144 562 3228 ναυμαχήσεις·
580 3140 660 3204 κατὰ
677 3140 740 3224 γὰρ
758 3141 852 3215 πόλις
869 3136 999 3202 ἕκαστοι
1015 3136 1152 3223 τρέψον·

159 3273 225 3332 ται,
256 3248 311 3315 καλ
342 3249 418 3314 οὔτε
443 3244 547 3331 σφέας
568 3244 779 3330 Εὐρυβιάδης
803 3241 950 3328 κατέχειν
976 3244 1151 3328 δυνήσεται

160 3354 235 3420 οὔτε
256 3378 305 3431 τις
326 3353 514 3438 ἀνθρώπων
535 3352 633 3427 ίίλλος
650 3351 732 3416 ὥστε
750 3350 794 3434 μή
813 3347 854 3413 οὐ
873 3349 1151 3434 διασκεδασθῆναι

159 3459 219 3542 τήν
241 3461 409 3545 στρατιήν·
432 3453 605 3524 ἀπολέεταί
622 3479 657 3521 τε
679 3455 699 3540 ῆ
718 3452 832 3532 Ἑλλὰς
854 3453 1035 3590 ἀβοήλίησι.
1078 3451 1149 3519 ἀλλ’

890 3563 922 3612 18
