2678 3968
417 237 483 294 ιιΒ.
500 239 572 294 v111.
606 239 683 295 cAP.
703 247 824 295 81-86.
1063 239 1130 304 289

119 379 207 446 οὕτω
246 382 287 466 δή
321 383 357 448 οί
385 383 479 448 άλλοι
508 380 654 470 Ἀμεινίῃ
686 383 886 468 βοηθέοντες
917 383 1131 469 συνέμισγον.

115 483 291 570 Ἀθηναῖοι
319 485 379 573 μέν
408 489 494 554 οὕτω
522 490 657 573 λέγουσι
684 499 741 573 τῆς
762 495 947 576 ναυμαχίης
968 491 1129 574 γενέσθαι

119 594 182 677 τήν
205 593 320 678 ἀρχήν,
344 598 521 680 Αίγινήται
540 593 577 661 δέ
594 597 656 680 τήν
674 598 755 662 κατά
773 599 852 673 τοὺς
870 598 1031 674 Αἰακίδας
1049 598 1130 664 ὀττο-

120 701 317 785 δημήσασαν
349 701 382 778 ἐς
409 707 570 785 Αἴγιναν,
602 703 726 785 ταύτην
763 696 848 767 εἶναι
879 702 940 784 τήν
972 701 1130 786 άρξασαν.

119 804 249 888 λέγεται
278 801 313 870 δέ
340 804 396 870 καὶ
419 806 512 889 τάδε,
540 807 585 883 ὡς
608 807 722 892 φάσμα
747 823 807 891 σφι
829 808 987 890 γυναικὸς
1009 807 1128 892 ἐφάνη,

118 922 285 996 φανεῖσαν
314 909 351 976 δέ
379 912 655 977 διακελεύσασθαι
683 913 765 978 ὥστε
792 910 847 977 καὶ
874 913 961 977 άπαν
989 912 1130 980 άκοῦσαι

118 1018 157 1081 τὸ
180 1027 247 1082 τῶν
266 1013 435 1100 Ἑλλήνων
458 1019 700 1102 στρατόπεδον,
728 1017 943 1082 ὀνειδίσασαν
965 1021 1130 1105 πρότερον

118 1123 211 1188 τάδε·
239 1114 277 1186 Ὠ
305 1124 487 1206 δαιμόνιοι,
519 1120 613 1208 μέχρι
645 1125 749 1188 κόσου
781 1125 829 1188 ἔτι
862 1124 1017 1208 πρύμνην
1049 1124 1129 1190 ἀνα-

117 1231 302 1313 κρούεσθε;

209 1337 303 1400 Κατὰ
321 1332 382 1420 μέν
396 1337 438 1420 δή
449 1332 649 1420 Ἀθηναίους
663 1336 834 1422 ἐτετάχατο
852 1339 1005 1414 Φοίνικες
1019 1332 1128 1424 (οὗτοι
1146 1365 1185 1415 85

121 1444 185 1527 γάρ
210 1437 301 1527 εἶχον
322 1443 360 1507 τὸ
388 1444 470 1528 πρὸς
490 1440 678 1520 Ἐλευσῖνός
699 1465 735 1509 τε
762 1441 817 1508 καὶ
844 1442 983 1530 ἑσπέρης
1004 1443 1129 1531 κέρας),

117 1549 202 1614 κατὰ
221 1545 258 1613 δέ
276 1550 561 1634 Λακεδαιμονίους
570 1548 697 1626 Ἴωνες·
717 1545 810 1615 οὗτοι
829 1546 860 1614 δ’
882 1544 972 1634 εἶχον
990 1551 1028 1615 τὸ
1045 1553 1130 1636 πρὸς

118 1657 182 1739 τήν
200 1655 249 1739 ήῶ
263 1677 298 1719 τε
315 1653 370 1719 καὶ
383 1657 443 1720 τὸν
457 1655 624 1742 Πειραιέα.
658 1656 876 1722 ἐθελοκάκεον
890 1655 1003 1740 μέντοι
1017 1657 1129 1724 αὐτῶν

118 1762 202 1826 κατὰ
228 1762 286 1838 τὰς
309 1761 544 1846 Θεμιστοκλέος
567 1761 703 1838 ἐντολάς
724 1762 847 1846 ὀλίγοι,
875 1763 910 1827 οἱ
930 1759 968 1827 δέ
989 1769 1130 1841 πλεῦνες

118 1868 171 1933 οὔ.
210 1869 272 1951 ἔχω
295 1865 356 1951 μέν
378 1892 442 1932 νυν
466 1877 599 1951 συχνῶν
618 1868 786 1952 οὐνόματα
804 1869 1013 1954 τριηράρχων
1030 1893 1128 1935 κατα-

118 1972 211 2051 λέξαι
224 1985 291 2038 τῶν
305 1978 382 2048 νέας
390 1969 585 2056 Ἑλληνίδας
600 1971 754 2057 ἑλόντων,
769 1976 932 2060 χρήσομαι
946 1972 983 2039 δέ
997 1975 1130 2042 αὐτοῖσι

119 2076 224 2145 οὐδὲν
251 2079 337 2170 πλήν
362 2081 591 2164 Θεομήστορός
613 2101 648 2144 τε
675 2088 736 2144 τοῦ
760 2077 1046 2164 Ἀνδροδάμαντος
1071 2081 1128 2148 καὶ

121 2185 281 2251 Φυλάκου
302 2193 363 2250 τοῦ
381 2180 549 2268 Ἱστιαίου,
573 2187 712 2269 Σαμίων
731 2185 937 2270 ἀμφοτέρων.
971 2188 1070 2254 τοῦδε
1089 2186 1129 2256 δὲ

118 2291 232 2356 εἵνεκα
254 2288 419 2375 μέμνημαι
440 2291 569 2356 τούτων
592 2291 742 2375 μούνων,
771 2291 822 2356 ὀτι
844 2295 1043 2378 Θεομήστωρ
1065 2291 1129 2380 μέν

120 2398 178 2462 διδι
204 2405 302 2462 τοῦτο
329 2398 366 2462 τὸ
394 2399 494 2482 ἔργον
517 2396 636 2481 Σάμου
663 2396 882 2480 ἐτυράννευσε
904 2402 1128 2484 καταστησάν-

116 2526 188 2568 των
218 2513 286 2568 τῶν
313 2501 486 2588 Περσέων,
521 2505 674 2580 Φύλακος
705 2499 742 2569 δέ
774 2503 946 2590 εὐεργέτης
974 2505 1129 2590 βασιλέος

117 2609 291 2695 ἀνεγράφη
315 2606 370 2676 καὶ
392 2610 482 2695 χώρη
506 2608 660 2695 ἐδωρήθη
683 2615 798 2696 πολλή.
844 2611 879 2675 οί
900 2607 930 2675 δ’
958 2611 1128 2697 εὐεργέται

117 2715 272 2800 βασιλέος
295 2717 476 2801 ὀροσάγγαι
492 2715 666 2781 καλέονται
684 2719 852 2801 Περσιστί.
889 2714 964 2801 περὶ
982 2716 1043 2800 μέν
1061 2742 1127 2783 νυν
1144 2739 1181 2788 οε

116 2825 259 2899 τούτους
291 2822 376 2887 οὕτω
409 2816 488 2906 εἶχε·
521 2823 557 2887 τὸ
588 2819 626 2888 δὲ
654 2827 784 2906 πλῆθος
814 2832 881 2886 τῶν
908 2832 995 2886 νεῶν
1023 2822 1060 2888 ἐν
1085 2832 1126 2908 τῇ

118 2934 288 3013 Σαλαμῖνι
316 2926 511 3012 ἐκεραΐζετο,
539 2927 576 2990 αἱ
596 2922 657 3010 μὲν
679 2923 736 2990 ὑπ’
760 2924 948 3010 Ἀθηναίων
972 2929 1126 3012 διαφθει-

114 3037 272 3120 ρόμεναι,
305 3033 343 3097 αί
369 3028 405 3098 δὲ
432 3028 487 3096 ὑπ’
518 3029 734 3114 Αἰγινητέων.
783 3031 839 3096 άτε
871 3033 934 3117 γάρ
965 3043 1032 3098 τῶν
1064 3031 1128 3117 μέν

110 3137 284 3225 Ἑλλήνων
306 3140 371 3204 σὺν
393 3140 505 3226 κόσμφ
528 3139 784 3220 ναυμαχεόντων
808 3133 890 3223 (καὶ)
918 3140 1000 3202 κατὰ
1021 3137 1126 3224 τάξιν,

114 3258 185 3312 τῶν
208 3243 245 3312 δὲ
269 3245 448 3331 βαρβάρων
472 3243 547 3308 οὔτε
569 3241 778 3326 τεταγμένων
801 3245 848 3307 ἔτι
872 3243 948 3308 οὔτε
970 3246 1035 3309 σὺν
1055 3254 1124 3333 νόφ

114 3355 302 3419 ποιεόντων
320 3351 432 3434 οὐδέν,
452 3353 565 3435 ἔμελλε
582 3351 715 3414 τοιοῦτό
734 3366 795 3432 σφι
814 3352 1032 3416 συνοίσεσθαι
1051 3343 1126 3417 οἷόν

112 3479 179 3543 περ
203 3457 316 3541 άτέβη.
361 3460 468 3522 καίτοι
490 3450 575 3539 ήσάν
597 3477 635 3537 γε
662 3452 717 3519 καὶ
740 3453 893 3537 έγένοντο
916 3456 1040 3542 ταύτην
1062 3458 1126 3540 τήν

170 3570 263 3611 finon.
275 3572 307 3611 11.
877 3564 909 3614 ις
