2640 3960
402 282 468 338 [ΛΒ.
484 282 531 338 Vl.
569 284 821 341 CAR125-127.
1054 284 1115 348 127

109 425 318 509 Κλεισθένης
336 429 488 511 κηρυγμα
507 426 692 512 ἐποιήσατο,
712 430 802 506 ὅστις
812 427 979 512 Ἑλλήνων
994 428 1118 496 ἑωυτὸν

108 530 198 610 άξιοῖ
207 532 429 610 Κλεισθένεος
442 535 592 618 γαμβρὸν
606 534 774 618 γενέσθαι,
788 536 880 618 ἥκειν
894 535 927 611 ἐς
941 533 1117 620 ἑξηκοστὴν

108 636 236 723 ἡμέρην
267 637 288 722 ἢ
315 636 370 704 ιιιιί
396 641 559 725 πρότερον
586 641 620 717 ές
647 646 805 706 Σικυῶνα
833 641 878 717 ὡς
909 642 1117 725 κυρώσοντος

109 742 333 821 Κλεισθένεος
355 745 414 809 τὸν
437 746 545 830 γάμον
564 746 600 812 έν
619 745 770 835 ἐνιαυτῷ,
789 747 852 812 άπὸ
871 755 928 830 τῆς
946 745 1117 830 ἑξηκοστῆς

109 848 295 934 ἀρξαμένου
322 849 453 935 ἡμέρης.
497 851 644 917 ἐνθαῦτα
663 850 831 935 Ἑλλήνων
859 853 933 918 ὅσοι
960 857 1055 936 σφίσι
1081 876 1116 918 τε

110 955 238 1021 αὐτοῖσι
265 951 351 1039 ἦσαν
376 955 431 1021 καὶ
457 958 563 1044 πάτρη
592 957 833 1043 ἐξωγκωμένοι,
862 958 1013 1043 ἐφοίτεον
1035 982 1116 1043 μνη-

109 1071 238 1147 στῆρες·
269 1073 356 1127 τοῖσι
378 1063 586 1147 Κλεισθένης
607 1062 662 1130 καὶ
686 1067 811 1150 δρόμον
834 1063 889 1130 καί
912 1067 1116 1149 παλαίστρην

108 1168 329 1252 ποιησάμενος
352 1165 402 1234 ἐπ’
429 1169 517 1256 αὐτῷ
545 1170 650 1258 τούτῳ
675 1165 748 1256 εἰχε.
795 1171 858 1238 άπὸ
881 1168 943 1256 μὲν
967 1173 1007 1256 δὴ
1028 1167 1105 1237 Ἰτα-
1119 1183 1167 1232 1²⁷

108 1277 181 1357 λίης
202 1270 287 1358 ἦλθε
309 1277 539 1360 Σμινδυρίδης
562 1276 579 1341 ὁ
598 1273 829 1362 Ἱπποκράτεος
851 1281 1055 1363 Συβαρίτης,
1079 1278 1116 1355 ὃς

109 1379 161 1446 ε’πλ
187 1385 343 1446 πλεῖστον
373 1382 414 1464 δὴ
441 1383 555 1466 χλιδῆς
582 1375 629 1459 εἰς
656 1382 740 1468 ἀνὴρ
769 1382 900 1449 άπίκετο
929 1383 964 1468 (ἡ
989 1382 1025 1449 δὲ
1047 1386 1115 1450 Σύ-

109 1491 205 1573 βαρις
226 1489 345 1572 ἤκμαζε
362 1498 483 1554 τοῦτον
500 1491 560 1554 τὸν
578 1492 702 1574 χρόνον
720 1488 886 1576 μάλιστα),
905 1488 960 1556 καί
979 1494 1106 1576 Σιρίτης

108 1595 268 1678 Δάμασος
290 1587 442 1679 Ἀμύριος
463 1603 524 1660 τοῦ
551 1604 661 1680 σοφοῦ
688 1595 870 1680 λεγομένου
893 1606 977 1673 παῖς.
1022 1591 1114 1662 οὗτοι

108 1696 168 1783 μὲν
193 1699 256 1764 άπὸ
275 1696 414 1783 Ἰταλίης
436 1695 555 1783 ἦλθον,
580 1701 615 1766 έκ
639 1697 676 1766 δὲ
694 1710 755 1767 τοῦ
773 1703 899 1767 κόλπου
917 1711 977 1767 τοῦ
992 1698 1114 1768 Ἰονίου

106 1800 349 1889 Ἀμφίμνηστος
379 1801 599 1892 Ἐπιστρόφου
623 1801 848 1892 Ἐπιδάμνιος·
881 1802 978 1884 οὗτος
1010 1804 1047 1874 δὲ
1078 1807 1114 1876 ἐκ

0 1957 2 1960 .
107 1921 168 1977 τοῦ
188 1909 309 1976 Ἰονίου
336 1914 471 1978 κόλπου.
516 1915 665 1990 Αἰτωλὸς
696 1909 732 1978 δέ
754 1908 838 1996 ἦλθε
866 1915 1031 1999 Τιτόρμου
1053 1923 1114 1980 τοῦ

108 2018 318 2103 ὑπερφύντος
344 2041 380 2084 τε
403 2016 565 2102 Ἓλληνας
593 2020 683 2103 ἰσχύι·
707 2016 762 2084 καὶ
790 2021 957 2102 φυγόντος
985 2018 1113 2103 ἀνθρώ-

108 2147 192 2200 πους
219 2123 252 2200 ές
277 2125 336 2200 τδς
363 2124 512 2208 ἐσχατιάς
538 2134 595 2208 τῆς
622 2125 807 2201 Αἰτωλίδος
838 2125 960 2210 χώρης,
993 2127 1113 2190 τούτου

107 2239 168 2295 τοῦ
190 2234 354 2315 Τιτόρμου
377 2230 538 2316 ἀδελφεὸς
552 2233 679 2314 Μάλης.
717 2231 780 2297 ἀπὸ
800 2227 837 2297 δὲ
851 2235 1113 2316 Πελοποννησον

110 2339 280 2413 Φείδωνος
297 2345 358 2402 τοῦ
372 2334 529 2423 ’Λργείων
546 2339 716 2424 τυράννου
734 2349 810 2415 παῖς
824 2339 1012 2423 Λεωκήδης,
1038 2342 1113 2404 Φεί-

109 2445 216 2520 δωνος
244 2440 281 2508 δέ
307 2453 368 2508 τοῦ
394 2445 435 2509 τά
462 2443 562 2528 μέτρα
590 2449 788 2528 ποιησαντος
812 2447 1113 2529 Πελοποννησίοισι

107 2549 162 2615 καί
185 2550 385 2635 ὑβρίσαντος
407 2549 543 2635 μέγιστα
566 2551 607 2634 δη
626 2549 794 2634 Ἑλλήνων
818 2549 982 2633 ἁπάντων,
1007 2551 1043 2626 ὃς
1065 2549 1113 2628 έξ-

108 2658 293 2738 αναστήσας
328 2657 406 2732 τοὺς
439 2651 576 2721 Ἠλείων
608 2654 820 2739 ἀγωνοθέτας
856 2655 955 2733 αὐτὸς
985 2657 1044 2721 τὸν
1076 2654 1113 2720 ἐν

105 2759 262 2847 Ὀλυμπίη
285 2761 398 2845 άγῶνα
421 2765 531 2845 ἔθηκε,
553 2764 674 2828 τούτου
697 2786 732 2827 τε
755 2763 796 2845 δὴ
815 2773 892 2838 παῖς
908 2759 963 2826 καί
983 2758 1111 2844 ’Λμίαν-

107 2892 162 2946 τος
184 2868 384 2952 Λυκούργου
404 2865 519 2953 ’Λρκὰς
541 2866 578 2934 ἐκ
603 2871 862 2951 Τραπεζοῦντος,
886 2863 940 2932 καί
960 2863 1054 2948 ’Λζην
1077 2865 1113 2932 έκ

109 2978 219 3040 Παίου
252 2975 366 3050 πόλιος
394 2974 557 3058 Λαφάνης
584 2973 805 3059 Εὐφορίωνος
838 2980 899 3037 τοῦ
933 2968 1112 3055 δεξαμένου

106 3104 157 3162 τε,
185 3079 230 3157 ὡς
259 3081 356 3163 λόγος
384 3079 420 3145 έν
439 3074 593 3165 ’Λρκαδίη
616 3078 758 3162 λέγεται,
781 3080 860 3155 τοὺς
882 3077 1113 3156 Διοσκούρους

2 3193 3 3252 Τ
108 3189 241 3252 οἰκίοισι
263 3183 317 3250 καί
338 3185 400 3250 άπὸ
419 3186 539 3250 τούτου
559 3183 822 3263 ξεινοδοκέοντος
839 3184 963 3260 πάντας
982 3182 1112 3269 ἀνθρώ-

107 3314 204 3376 πους,
230 3291 285 3357 καί
311 3288 437 3368 Ἠλεῖος
462 3288 659 3377 Ὀυομαστὸς
678 3287 820 3374 Ἀγαίου.
867 3283 959 3355 οὗτοι
986 3286 1110 3374 μὲνδὴ

107 3397 140 3476 ἐξ
168 3399 270 3481 αὐτῆς
294 3400 557 3482 Πελοποννήσου
583 3392 709 3480 ἦλθον,
736 3395 772 3461 έκ
800 3391 836 3461 δὲ
856 3392 1025 3482 ’Λθηνέων
1052 3395 1111 3462 άπ-

107 3507 220 3569 ίκοντο
246 3501 438 3588 Μεγακλέης
464 3526 499 3568 τε
527 3497 767 3588 δ’Λλκμέωνος
792 3502 914 3567 τούτου
941 3503 1111 3587 τοῦπαρὰ
