2678 3970
205 268 270 332 144
614 265 803 321 HERODOTI

202 432 319 494 γονται
347 404 431 475 εἶναι
458 410 603 494 όλκιμοι,
631 411 767 495 πύρεστι
794 405 830 474 δέ
852 407 905 474 καὶ
929 409 1203 492 σταθμώσασθαι,

202 517 235 579 εί
260 517 416 601 στρατιήν
447 539 484 598 γε
515 516 679 598 τοσαύτην
710 518 774 581 σὺν
801 515 887 580 Δύτι
913 513 967 578 καὶ
990 508 1206 599 Ἀρταφρένει

203 620 372 686 ἐλθοῦσαν
409 621 441 698 ές
472 622 532 705 τήν
564 618 711 704 Ἀττικήν
744 621 855 706 χώρην
883 629 1002 705 μοῦνοι
1029 617 1203 702 Ἀθηναῖοι

204 724 410 812 διέφθειραν.
457 727 517 792 οὐκ
540 722 586 790 ών
609 725 777 812 ἀμφοτέρῃ
800 741 861 810 σφι
883 726 1040 810 ἐχώρησε·
1063 721 1134 789 ἀλλ’
1160 724 1203 808 ἢν

203 840 277 915 τῇσι
299 831 399 916 νηυσὶ
422 833 585 916 ἐμβάλωσι
607 830 662 897 καὶ
684 834 875 916 νικήσαντες
896 833 1061 916 ναυμαχίῃ
1079 829 1203 895 πλέωσι

203 937 237 1012 ές
262 939 322 1002 τὸν
339 934 582 1022 Ἑλλήσποντον
604 935 658 1001 καὶ
681 940 789 1003 ἔπειτα
810 939 935 1002 λύσωσι
956 937 1017 1019 τήν
1038 935 1203 1022 γέφυραν,

167 1051 300 1127 γτοῦτο
329 1045 388 1127 δή,
416 1047 566 1127 βασιλεῦ,
593 1047 719 1126 γίνεται
746 1045 865 1108 δεινόν.
906 1042 969 1126 ἐγώ
1000 1038 1036 1106 δέ
1063 1041 1203 1126 οὐδεμιῇ

204 1152 306 1234 σοφίῃ
325 1151 434 1233 οἰκηίῃ
454 1148 553 1224 αὐτὸς
570 1156 672 1211 ταῦτα
691 1147 927 1231 συμβάλλομαι,
947 1143 1017 1210 ἀλλ’
1040 1136 1113 1210 οἷόν
1127 1168 1203 1210 κοτε
1327 1201 1328 1206 ,

203 1252 305 1338 ἡμέας
326 1254 440 1337 ὀλίγου
463 1252 576 1336 ἐδέησε
593 1255 789 1335 καταλαβεῖν
805 1253 924 1334 πύθος,
948 1252 1001 1317 ὅτε
1019 1252 1126 1337 πατήρ
1144 1252 1203 1328 σὸς

205 1358 315 1437 ζεύξας
328 1361 503 1443 Βόσπορον
521 1359 581 1423 τὸν
598 1361 766 1442 Θρηίκιον,
784 1358 980 1442 γεφυρώσας
998 1353 1035 1422 δέ
1052 1359 1202 1442 ποταμὸν

202 1463 335 1550 Ἴστρον
369 1463 461 1547 διέβη
491 1461 543 1529 έπὶ
572 1464 718 1540 Σκύθας.
762 1465 835 1527 τότε
865 1473 1015 1528 παντοῖοι
1046 1462 1201 1545 ἐγένοντο

202 1571 337 1635 Σκύθαι
360 1571 510 1653 δεόμενοι
534 1565 657 1633 Ἰώνων
685 1573 780 1634 λῦσαι
807 1569 866 1632 τὸν
891 1571 1010 1655 πόρον,
1036 1579 1124 1633 τοῖσι
1146 1568 1200 1634 έπ-

201 1674 376 1761 ετέτραπτο
399 1674 420 1757 ἡ
443 1675 574 1758 φυλακὴ
596 1685 669 1738 τῶν.
684 1672 858 1760 γεφυρέων
879 1682 938 1738 τοῦ
959 1672 1099 1758 Ἴστρου.
1145 1672 1201 1739 καὶ

201 1784 275 1847 τότε
296 1805 334 1864 γε
352 1777 503 1856 Ἱστιαῖος
525 1780 543 1845 ὁ
562 1782 715 1862 Μιλήτου
733 1780 895 1864 τύραννος
913 1780 944 1843 εί
960 1778 1113 1844 ἐπέσπετο
1132 1789 1201 1844 τῶν

203 1889 312 1952 ἄλλων
334 1886 508 1970 τυράννων
529 1894 569 1971 τῃ
591 1887 706 1970 γνώμῃ
729 1881 812 1969 μηδὲ
833 1884 996 1969 ἠντιώθη,
1025 1883 1199 1969 διέργαστο

203 1991 245 2056 δυ
267 1995 307 2058 τὰ
329 1992 486 2076 Περσέων
509 1993 689 2077 πρήγματα.
734 1993 840 2055 καίτοι
866 1988 920 2054 καὶ
946 1992 1033 2078 λόγῳ
1060 1990 1200 2056 ἀκοῦσαι

205 2099 328 2181 δεινόν,
352 2092 402 2163 ἐπ’
428 2098 529 2183 ἀνδρί
547 2120 585 2180 γε
608 2095 657 2161 ένὶ
679 2097 783 2161 πάντα
801 2097 840 2160 τὰ
858 2094 1009 2179 βασιλέος
1026 2098 1200 2180 πρήγματα

165 2209 411 2285 ογεγενῆσθαι.
457 2205 499 2268 σὺ
530 2199 578 2267 ὧν
609 2203 652 2287 μή
680 2203 801 2284 βούλευ
828 2201 861 2278 ές
887 2201 1046 2266 κίνδυνον
1072 2202 1199 2286 μηδένα

201 2316 355 2371 τοιοῦτον
386 2307 559 2372 ἀπικέσθαι
593 2309 752 2391 μηδεμιῆς
782 2306 925 2390 ύνύγκης
956 2306 1088 2390 ἐούσης,
1116 2308 1199 2374 ἀλλὰ

201 2409 274 2494 έμοὶ
300 2414 431 2476 πείθευ·
458 2421 523 2476 νῦν
549 2407 610 2494 μέν
637 2413 696 2476 τὸν
719 2412 883 2495 σύλλογον
904 2412 1001 2477 τόνδε
1025 2413 1199 2479 διύλυσον·

201 2510 293 2592 αὖτις
316 2514 363 2598 δέ,
387 2516 466 2580 ὅταν
488 2540 540 2582 τοι
559 2517 667 2602 δοκέῃ,
692 2519 958 2603 προσκεψάμενος
980 2515 1032 2583 ἐπὶ
1050 2529 1199 2586 σεωυτοῦ

200 2623 404 2707 προαγόρευε
434 2622 474 2686 τύ
504 2645 556 2687 τοι
588 2623 693 2688 δοκέει
720 2619 805 2689 εἶναι
831 2625 955 2709 ἄριστοι.
998 2624 1037 2688 τὸ
1063 2625 1126 2710 γὰρ
1158 2621 1198 2690 εὖ

200 2729 421 2812 βουλεύεσθαι
443 2726 559 2814 κέρδος
582 2727 735 2812 μέγιστον
759 2729 898 2815 εὑρίσκω
921 2729 990 2793 έόν·
1013 2730 1044 2793 εἰ
1059 2730 1123 2813 γὰρ
1141 2729 1197 2794 καὶ

201 2834 446 2918 ἐναντιωθῆναί
464 2857 496 2899 τι
522 2833 628 2917 θέλει,
652 2836 864 2918 βεβούλευται
886 2831 946 2918 μὲν
969 2830 1068 2898 οὐδὲν
1089 2829 1196 2918 ήσσον

201 2936 248 3023 εὖ,
273 2940 412 3007 ἕσσωται
435 2938 472 3007 δὲ
494 2940 558 3005 ὑπὸ
577 2950 634 3024 τῆς
650 2943 751 3025 τύχης
767 2941 804 3006 τὸ
822 2941 1001 3023 βούλευμα·
1024 2939 1042 3004 δ
1062 2936 1099 3005 δὲ
1116 2944 1195 3024 βου-

200 3047 400 3130 λευσάμενος
422 3049 576 3131 αἰσχρῶς,
605 3053 638 3112 εί
656 3048 692 3111 οί
710 3047 731 3130 ἡ
753 3047 834 3130 τύχη
857 3045 1038 3128 ἐπίσποιτο,
1068 3046 1197 3131 εὕρημα

167 3179 181 3215 ε
201 3152 328 3236 εὕρηκε,
351 3147 455 3236 ήσσον
479 3149 515 3216 δὲ
539 3151 637 3217 οὐδέν
660 3153 696 3217 οί
718 3163 823 3228 κακῶς
849 3151 1069 3234 βεβούλευται.
1114 3151 1197 3238 δρᾷς

198 3257 239 3320 τὰ
260 3257 460 3342 ὑπερέχοντα
484 3261 547 3345 ζῷα
570 3259 614 3334 ώς
635 3268 792 3343 κεραυνοί
812 3256 830 3322 δ
852 3257 931 3332 θεὸς
953 3253 1032 3320 οὐδὲ
1054 3255 1092 3342 ἐᾷ
1110 3281 1196 3340 φαν-

199 3361 363 3444 τάζεσθαι,
386 3363 426 3426 τδι
449 3360 485 3428 δὲ
508 3365 628 3448 σμικρὰ
651 3362 750 3428 οὐδέν
772 3386 830 3446 μιν
851 3365 963 3440 κνίζει·
991 3361 1070 3447 ὁρᾷς
1090 3359 1128 3426 δέ
1150 3363 1197 3440 δις

198 3465 233 3541 ές
255 3467 413 3549 οἰκήματα
439 3469 479 3531 τό
505 3466 640 3550 μέγιστα
667 3466 730 3532 αίεὶ
756 3465 811 3531 καὶ
834 3466 972 3548 δένδρεα
997 3467 1197 3533 τὰτοιαῦτα
