2678 3970
444 222 587 278 mnvn.
623 223 700 278 υεε.
719 229 841 278 ιο-ει.
1086 224 1148 289 167
1212 291 1219 312 ‚

143 375 182 453 τῇ
209 366 349 454 ἡμετέρῃ
377 370 616 444 καταλιπόντας
642 366 740 433 τέκνα
767 391 802 432 τε
828 366 883 433 καὶ
910 380 1069 452 γυναῖκας
1095 367 1150 434 καὶ

143 477 292 558 χρηματα
320 468 393 539 οὐδ’
419 473 630 556 ἐπιλέγεσθαι
657 474 719 558 χρὴ
742 475 905 558 νεώτερόν
931 497 963 538 τι
989 478 1149 558 ποιήσειν.

144 579 230 644 οὕτω
264 577 347 664 μηδὲ
378 588 476 644 τοῦτο
504 578 623 664 φοβέο,
657 579 738 644 ἀλλὰ
765 581 878 664 θυμὸν
906 583 990 664 ἔχων
1020 581 1150 662 ἀγαθὸν

143 688 226 764 σῶζε
249 681 344 751 οἶκόν
366 709 401 750 τε
423 687 483 752 τὸν
506 686 587 770 ἐμὸν
608 683 663 750 καὶ
685 687 868 772 τυραννίδα
891 687 952 769 την
975 687 1071 769 ἐμήν·
1095 686 1150 752 σοὶ

143 793 207 875 γάρ
232 791 295 874 ἐγὼ
319 793 433 880 μούνφ
457 792 493 858 ἐκ
515 793 649 857 πάντων
672 801 819 877 σκῆπτρα
839 793 879 857 τὰ
898 793 958 876 ἐμὰ
977 793 1150 874 ἐπιτράπω.

236 902 346 963 Ταῦτα
370 904 462 974 είπας
478 896 534 962 καὶ
550 896 752 982 Ἀρτάβανον
770 898 964 974 ἀποστείλας
982 897 1015 973 ἐς
1034 902 1149 962 Σοῦσα
1168 916 1205 965 σε

144 1005 283 1089 δεύτερα
304 1003 529 1088 μετεπέμψατο
552 1003 675 1088 Ξέρξης
693 1003 851 1089 Περσέων
874 1006 951 1080 τοὺς
971 1005 1150 1087 δοκιμωτά-

142 1130 235 1187 τους·
258 1109 327 1176 ἐπεὶ
351 1110 390 1175 δέ
411 1111 446 1175 οί
465 1119 629 1194 παρῆσαν,
653 1109 746 1192 ἐλεγέ
762 1125 822 1193 σφι
839 1111 930 1176 τάδε·
954 1101 992 1174 Ὦ
1011 1107 1148 1194 Πέρσαι,

142 1213 243 1281 τῶνδ’
274 1217 337 1299 ἐγὼ
361 1215 472 1300 ὑμέων
493 1219 636 1301 χρηίζων
659 1215 831 1299 συνέλεξα,
860 1217 984 1300 ἀνδρας
1006 1239 1040 1280 τε
1062 1219 1150 1298 γίνε-

143 1329 227 1387 σθαι
254 1322 405 1404 ἀγαθούς
431 1319 486 1388 καλ
513 1324 556 1406 μὴ
578 1323 809 1406 καταισχύνειν
836 1323 877 1386 τὰ
903 1324 1031 1408 πρόσθε
1055 1322 1149 1406 ἐργα-

143 1427 248 1512 σμένα
275 1427 440 1514 Πέρσησι,
472 1428 568 1492 ἐόντα
598 1429 722 1512 μεγάλα
750 1451 785 1492 τε
816 1425 871 1493 καὶ
902 1432 1027 1494 πολλοῦ
1064 1425 1148 1510 ἀξια,

143 1533 216 1600 ἀλλ’
244 1527 290 1611 εἷς
311 1558 346 1599 τε
369 1534 504 1610 ἕκαστος
525 1531 581 1598 καὶ
605 1535 640 1598 οί
655 1535 841 1618 σύμπαντες
859 1537 1052 1619 προθυμίην
1070 1537 1149 1618 ἐχω-

143 1662 218 1726 μεν·
242 1641 343 1719 ξυνὸν
365 1642 428 1725 γὰρ
451 1649 530 1706 πᾶσι
552 1649 650 1705 τοῦτο
675 1639 805 1722 ἀγαθὸν
824 1641 1007 1704 σπεύδεται.
1043 1639 1149 1704 τῶνδε

144 1745 182 1813 δέ
206 1748 314 1840 εἵνεκα
334 1747 548 1832 προαγορεύω
568 1745 763 1830 ἀντέχεσθαι
780 1755 841 1812 τοῦ
857 1745 1004 1830 πολέμου
1022 1745 1149 1810 ἐντετα·

13 1887 16 1905 ·
144 1853 263 1938 μένως·
295 1854 340 1930 ὡς
370 1855 433 1937 γάρ
464 1851 527 1935 ἐγὼ
557 1852 786 1935 πυνθάνομαι,
821 1847 870 1916 ἐπ’
901 1853 1025 1932 ἀνδρας
1052 1867 1149 1936 στρα·

143 1963 309 2045 τευόμεθα
341 1959 505 2042 ἀγαθούς,
537 1969 604 2022 τῶν
631 1957 673 2040 ἢν
699 1959 927 2042 κρατήσωμεν,
961 1957 1002 2022 ού
1029 1959 1074 2040 μή
1100 1979 1150 2032 τις

129 2067 224 2151 ,ἡμῖν
247 2067 345 2142 ἀλλος
368 2065 505 2150 στρατὸς
528 2063 661 2148 ἀντιστῇ
684 2085 759 2128 κοτε
782 2062 980 2148 ἀνθρώπων.
1024 2071 1089 2128 νῦν
1112 2057 1149 2128 δὲ

145 2175 369 2256 διαβαίνωμεν
392 2169 604 2255 ἐπευξάμενοι
626 2180 712 2234 τοῖσι
734 2174 845 2234 θεοῖσι
868 2172 903 2234 οἳ
918 2169 1067 2254 Περσίδα
1085 2177 1149 2251 γῆν

145 2281 328 2364 λελόγχασι.

239 2385 369 2468 Ταύτην
396 2379 456 2467 μὲν
482 2383 543 2465 την
569 2377 695 2467 ἡμέρην
721 2382 1001 2466 παρεσκευάζοντο
1029 2379 1063 2457 ἐς
1088 2381 1149 2463 την
1168 2398 1205 2448 54

106 2491 109 2496 ’
146 2493 311 2576 διάβασιν,
330 2497 369 2574 τῇ
388 2485 425 2554 δέ
442 2488 597 2573 ὑστεραίῃ
616 2487 776 2572 ἀνέμενον
794 2488 854 2552 τὸν
867 2488 963 2570 ἥλιον
977 2485 1150 2563 ἐθέλοντες

147 2599 280 2664 ἰδέσθαι
311 2596 502 2680 ἀνίσχοντα,
534 2594 726 2678 θυμιήματά
756 2617 791 2658 τε
827 2604 967 2658 παντοῖα
999 2590 1052 2656 ἐπὶ
1082 2603 1149 2657 τῶν

147 2703 320 2790 γεφυρέων
342 2704 569 2784 καταγίζοντες
589 2698 645 2766 καὶ
668 2703 847 2785 μυρσίνησι
870 2699 1067 2783 στορνύντες
1087 2698 1149 2779 την

13 2863 31 2916 v'
147 2811 237 2877 ὁδόν.
278 2809 322 2886 ὡς
345 2802 375 2872 δ’
401 2805 591 2872 ἐπανέτελλε
614 2805 632 2871 ὁ
655 2807 757 2888 ἥλιος,
781 2803 934 2869 σπένδων
957 2803 993 2868 ἐκ
1010 2801 1150 2887 χρυσέης

147 2919 268 3003 φιάλης
286 2913 407 3000 Ξέρξης
425 2912 459 2990 ἐς
475 2913 537 2996 την
554 2911 728 2976 θάλασσαν
746 2911 858 2994 εὔχετο
877 2911 959 2993 πρὸς
976 2909 1035 2972 τὸν
1054 2908 1150 2989 ἥλιον

147 3025 310 3108 μηδεμίαν
324 3022 359 3088 οἱ
370 3023 551 3103 συντυχίην
565 3019 721 3100 τοιαύτην
734 3013 903 3098 γενέσθαι,
921 3015 942 3097 ἥ
956 3037 1013 3097 μιν
1031 3013 1150 3078 παύσει

147 3127 436 3214 καταστρέψασθαι
457 3127 519 3208 τὴν
536 3124 704 3207 Εὐρώπην
722 3124 885 3207 πρότερον
903 3120 923 3204 ἢ
943 3116 995 3185 ἐπὶ
1012 3117 1149 3204 τέρμασι

128 3248 234 3302 τοῖσι
256 3235 383 3318 ἐκείνης
404 3231 547 3316 γένηται.
585 3228 762 3312 εὐξάμενος
785 3224 821 3292 δὲ
844 3225 978 3310 ἐσέβαλε
993 3225 1054 3308 τὴν
1074 3224 1148 3308 φιά-

147 3347 211 3424 λην
242 3341 275 3418 ἐς
305 3342 365 3406 τὸν
392 3335 635 3420 Ἑλλήσποντον
666 3331 721 3398 καὶ
750 3335 891 3418 χρύσεον
922 3341 1068 3417 κρητῆρα
1094 3329 1149 3397 καὶ

150 3449 315 3532 Περσικὸν
343 3445 452 3529 ξίφος,
479 3444 538 3507 τὸν
566 3440 725 3523 ἀκινάκην
751 3439 914 3504 καλέουσι.
959 3447 1062 3504 ταῦτα
1089 3437 1150 3502 ούκ
