2678 3968
211 271 276 336 260
622 269 808 326 HERODOTI

210 423 317 498 χρῆμα
345 413 514 481 ἐποιεῦντο
542 415 606 480 ὑπὸ
633 425 719 480 νεῶν
748 415 870 498 ὀλίγων
897 415 931 491 ές
957 415 1070 498 φυγήν
1095 414 1215 500 τράπε·
1329 449 1330 488 χ

211 525 300 584 σθαι.
334 517 451 586 πολλαὶ
470 518 530 606 μὲν
549 522 590 605 δή
608 531 675 586 τῶν
689 518 857 604 Ἐλλήνων
874 517 947 598 νέες
965 522 1214 605 διεφθείροντο,

209 621 325 690 πολλοὶ
350 623 387 692 δέ
410 628 543 711 ἀνδρες,
571 632 680 714 πολλῷ
704 621 735 691 δ’
763 630 810 692 ἔτι
832 632 970 704 πλεῦνες
992 626 1064 702 νέες
1085 649 1120 692 τε
1146 637 1216 692 τῶν
1329 647 1330 666 ¹

210 732 388 816 βαρβάρων
400 729 455 796 καὶ
469 733 596 817 ἀνδρες.
625 731 712 796 οὕτω
732 728 768 796 δέ
788 732 1023 817 ἀγωνιζόμενοι
1038 730 1216 815 διέστησαν

210 834 310 922 χωρίς
333 835 488 922 ἑκάτεροι.

161 957 192 1007 17
296 939 352 1007 Ἐν
369 943 471 1028 ταύτῃ
490 951 528 1027 τῇ
547 946 711 1028 ναυμαχίῃ
726 943 903 1026 Αἰγύπτιοι
922 939 983 1028 μὲν
1001 954 1067 1010 τῶν
1086 942 1215 1028 Ξέρξεω
1320 927 1330 992 δ

210 1045 436 1133 στρατιωτέων
467 1049 683 1133 ἠρίστευσαν,
721 1052 757 1114 οἳ
788 1051 871 1114 ἀλλα
907 1071 942 1114 τε
977 1050 1102 1132 μεγάλα
1134 1052 1216 1134 ἔργα

211 1151 407 1231 ἀπεδέξαντο
430 1152 486 1218 καὶ
507 1152 584 1230 νέας
607 1154 737 1219 αὐτοῖσι
756 1153 898 1239 ἀνδράσι
916 1145 1007 1218 εἷλον
1020 1149 1217 1236 Ἑλληνίδας
1329 1197 1330 1230 γ

210 1258 314 1324 πέντε.
365 1270 432 1324 τῶν
465 1255 501 1324 δέ
528 1255 697 1342 Ἑλλήνων
728 1260 810 1324 κατά
840 1260 965 1342 ταύτην
996 1261 1057 1343 τήν
1087 1258 1217 1344 ἡμέρην

210 1365 411 1450 ἠρίστευσαν
431 1360 604 1446 Ἀθηναῖοι
625 1362 681 1429 καὶ
696 1359 884 1448 Ἀθηναίων
902 1367 1058 1447 Κλεινίης
1076 1364 1094 1430 ὁ
1110 1363 1217 1431 Ἀλκι-
1329 1357 1330 1368 ¹

210 1470 347 1554 βιάδεω,
373 1467 410 1544 ὃς
432 1468 583 1551 δαπάνην
606 1470 736 1552 οἰκηίην
758 1472 981 1556 παρεχόμενος
1003 1470 1216 1557 ἐστρατεύετο

211 1575 352 1660 ἀνδράσι
373 1599 409 1641 τε
432 1576 630 1658 διηκοσίοισι
652 1574 707 1640 καὶ
731 1577 839 1661 οίκηίη
863 1579 927 1658 νηί.
952 1637 954 1642 ,

161 1698 192 1749 1⁸
295 1677 350 1757 Ὡς
368 1678 406 1746 δὲ
424 1680 610 1764 διέστησαν,
629 1683 767 1766 ἀσμενοι
786 1679 931 1766 ἑκάτεροι
950 1681 983 1758 ές
1001 1682 1105 1767 ὅρμον
1123 1683 1213 1766 ήπεί·

211 1810 320 1871 γοντο.
357 1787 392 1852 oc
412 1783 449 1852 δέ
463 1784 620 1870 Ἕλληνες
643 1787 687 1863 ὡς
710 1786 937 1871 διακριθέντες
960 1787 996 1852 ἐκ
1013 1796 1070 1872 τῆς
1087 1812 1214 1872 ναυμα-
1329 1801 1330 1808 ³

210 1895 283 1978 χίης
301 1891 571 1977 ἀπηλλάχθησαν,
592 1903 659 1957 τῶν
677 1889 738 1977 μὲν
751 1903 879 1977 νεκρῶν
893 1890 1028 1958 καὶτῶν
1042 1897 1215 1977 ναυηγίων
1329 1911 1330 1978 j

211 1999 420 2085 ἐπεκράτεον,
443 1997 586 2083 τρηχέως
610 1994 646 2064 δὲ
668 1996 914 2084 περιεφθέντες,
937 1996 992 2062 καὶ
1015 1998 1076 2086 οβκ
1098 2000 1215 2082 ήκιστα

207 2102 381 2188 Ἀθηναῖοι
402 2115 469 2170 τῶν
492 2093 529 2168 αί
548 2103 681 2188 ἡμίσεαι
702 2115 769 2169 τῶν
794 2115 881 2169 νεῶν
899 2103 1098 2188 τετρωμέναι
1116 2100 1213 2188 ἦσαν,

163 2226 193 2277 ιο
212 2210 361 2294 δρησμὸν
389 2211 430 2295 δή
460 2211 639 2294 ἐβούλευον
668 2213 731 2275 έσω
754 2209 788 2287 ές
810 2211 871 2294 τήν
890 2206 1039 2275 Ἑλλάδα.
1084 2215 1153 2299 υύφ
1177 2209 1215 2277 δὲ

212 2315 323 2398 λαβὼν
357 2315 401 2396 [δ]
430 2314 667 2400 Θεμιστοκλέης
698 2316 742 2392 ὡς
770 2317 800 2380 εἰ
830 2315 1031 2402 ἀπορραγείη
1062 2315 1125 2382 ἀπὸ
1153 2328 1215 2384 τοῦ

212 2419 381 2506 βαρβάρου
403 2422 441 2484 τό
463 2442 498 2484 τε
518 2417 666 2486 Ἰωνικὸν
689 2425 798 2504 φῦλον
820 2419 935 2486 καὶτὸ
959 2423 1124 2506 Καρικόν,
1148 2414 1215 2488 οἷοί
1329 2479 1330 2486 ,

211 2549 247 2591 τε
268 2531 384 2610 είησαν
405 2535 473 2588 τῶν
496 2529 620 2588 λοιπῶν
648 2525 834 2611 κατύπερθε
856 2525 1029 2610 γενέσθαι,
1057 2527 1215 2594 έλαυνύν-
1329 2513 1330 2526 ἢ

211 2655 279 2698 των
300 2641 368 2696 τῶν
390 2627 549 2713 Εὐβοέων
571 2632 718 2716 πρόβατα
742 2629 794 2696 έιτὶ
815 2633 877 2716 τήν
898 2631 1088 2716 θάλασσαν,
1110 2634 1213 2720 ταύτῃ
1329 2617 1330 2698 J

213 2737 368 2816 συλλέξας
396 2738 475 2813 τοὺς
502 2738 704 2823 στρατηγοὺς
726 2736 819 2821 ἔλεγέ
838 2754 899 2822 σφι
927 2737 971 2815 ῶς
994 2738 1104 2804 δοκέοι
1126 2743 1214 2824 ἔχειν
1329 2759 1330 2778 ¹

212 2847 286 2910 τινά
308 2843 460 2928 παλάμην
482 2851 522 2928 τῇ
540 2841 663 2921 ἐλπίζοι
681 2853 747 2908 τῶν
766 2842 918 2926 βασιλέος
937 2844 1116 2930 συμμάχων
1135 2845 1214 2911 ἀπο-

212 2953 345 3035 στήσειν
375 2951 454 3026 τοὺς
485 2947 646 3032 ἀρίστους.
691 2957 793 3014 ταῦτα
822 2948 883 3033 μέν
914 2974 978 3015 νυν
1010 2949 1043 3028 ές
1073 2961 1213 3018 τοσοῦτο
1319 2927 1330 2976 ⁴³

212 3057 441 3142 παρεγύμνου,
474 3053 525 3120 ἐπὶ
558 3051 594 3120 δὲ
624 3065 710 3120 τοῖσι
736 3056 915 3138 κατήκουσι
942 3058 1109 3142 πρήγμασι
1135 3058 1214 3124 τάδε

213 3160 349 3246 ποιητέα
371 3155 460 3228 εἶναί
475 3177 536 3245 σφι
554 3163 654 3244 ἔλεγε,
676 3171 744 3225 τῶν
761 3183 796 3225 τε
814 3161 990 3246 προβάτων
1007 3173 1074 3228 τῶν
1091 3163 1214 3247 Εὐβοι-

213 3277 282 3332 κῶν
303 3267 484 3332 καταθύειν
506 3266 568 3331 ὅσα
589 3289 639 3342 τις
662 3264 773 3332 έδέλοι
796 3264 950 3354 (κρέσσον
968 3268 1030 3354 γὰρ
1049 3263 1214 3352 εἶναιτὴν

214 3373 370 3458 στρατιὴν
397 3374 483 3455 ἔχειν
509 3370 530 3456 ή
557 3373 634 3448 τοὺς
661 3371 865 3458 πολεμίους),
893 3370 1053 3456 παραίνεέ
1072 3396 1107 3438 τε
1121 3380 1213 3460 ’προ-
1329 3357 1330 3360 ¹

216 3487 318 3542 ειπεῖν
340 3487 425 3540 τοῖσι
449 3475 580 3542 ἑωυτῶν
604 3476 758 3554 ἑκάστους
779 3487 845 3562 πῦρ
869 3477 1050 3544 ἀνακαίειν·
1075 3481 1214 3565 κομιδῆς
