2678 3968
202 293 267 358 316
617 289 803 346 ειεοοοοοι

155 453 205 502 137
295 435 381 502 ΤΟΤ
409 435 465 501 ΔΕ
494 431 712 520 Ἀλεξάνδρου
743 435 864 500 τούτου
891 434 1032 520 ἕβδομος
1060 432 1205 518 γενέτωρ

205 542 391 625 Περδίκκης
427 538 496 608 έστὶ
528 541 546 607 δ
578 542 779 625 κτησάμενος
812 553 879 606 των
905 542 1113 606 Μακεδόνων
1144 540 1205 622 τήν

205 649 388 732 τυραννίδα
410 651 520 734 τρόπφ
542 648 673 734 τοιῷδε·
697 645 730 724 έξ
744 645 881 731 ’Ἀργεος
903 650 1029 731 ἔφυγον
1052 645 1085 723 ές
1105 639 1205 710 Ἰλλυ-

206 755 300 835 ριοὺς
317 765 384 818 τῶν
402 751 553 838 Τημένου
572 753 747 836 ἀπογόνων
765 764 852 838 τρεῖς
869 753 1034 837 ἀδελφεοί,
1053 751 1207 834 Γαυάνης

206 882 240 924 τε
263 857 317 924 καὶ
337 857 491 943 Ἀέροπος
512 857 567 924 καὶ
587 859 782 941 Περδίκκης,
806 857 841 924 έκ
864 856 901 924 δέ
920 855 1090 944 Ἰλλυριῶν
1108 857 1206 942 ὑπερ-

206 966 362 1047 βαλόντες
384 965 417 1042 ές
436 966 498 1048 τήν
516 966 586 1030 ἀνω
604 965 820 1048 Μακεδονίην
838 964 994 1030 ἀπίκοντο
1013 963 1046 1040 ές
1059 966 1207 1046 Λεβαίην
1308 957 1309 960 '

206 1073 312 1136 πόλιν.
353 1071 499 1136 ἐνθαῦτα
523 1067 560 1136 δέ
583 1069 744 1152 ἐθήτευον
767 1067 819 1136 ἐπὶ
842 1076 953 1157 μισθῷ
975 1071 1064 1155 παρὰ
1085 1077 1131 1155 τῷ
1150 1071 1207 1152 βα-

208 1175 302 1259 σιλέϊ,
325 1176 343 1242 δ
367 1173 427 1261 μὲν
450 1176 569 1253 ἵππους
590 1174 712 1260 νέμων,
736 1175 754 1240 ὁ
778 1173 814 1240 δέ
837 1179 927 1260 βοῦς,
951 1175 969 1241 ὁ
992 1172 1029 1240 δέ
1046 1176 1208 1251 νεώτατος

208 1281 319 1346 αὐτῶν
341 1282 527 1367 Περδίκκης
553 1282 592 1346 τά
619 1282 718 1346 λεπτὰ
745 1292 812 1346 τῶν
833 1282 1017 1366 προβάτων.
1062 1276 1148 1363 ήσαν
1171 1275 1208 1344 δέ

208 1387 245 1452 τὸ
273 1387 374 1452 πάλαι
401 1385 455 1452 καὶ
478 1388 516 1451 αί
533 1388 729 1470 τυραννίδες
750 1397 818 1452 τῶν
841 1387 1030 1472 ἀνθρώπων
1052 1384 1208 1462 ἀσθενέες

209 1494 361 1576 χρήμασι,
384 1492 425 1558 οὐ
448 1501 575 1576 μοῦνον
598 1491 616 1557 ό
636 1493 747 1576 δήμος.
782 1491 803 1575 ή
823 1489 859 1557 δὲ
876 1494 961 1576 γυνή
979 1501 1039 1557 τοῦ
1057 1491 1208 1575 βασιλέος

209 1596 292 1680 αὐτή
319 1598 359 1662 τά
385 1599 473 1662 σιτία
496 1614 557 1681 σφι
584 1599 707 1662 ἔπεσσε.
753 1598 836 1674 ὅκως
859 1595 896 1662 δέ
918 1597 1042 1686 ὀπτῴη,
1071 1597 1209 1682 ὁάρτος

209 1713 269 1768 τοῦ
296 1704 414 1780 παιδὸς
439 1712 500 1768 τοῦ
521 1706 638 1785 θητός,
662 1704 867 1787 Περδίκκεω,
891 1705 1061 1788 διπλήσιος
1083 1703 1208 1788 ἐγίνετο

211 1808 309 1886 αὐτὸς
331 1807 465 1874 ἑωυτοῦ.
502 1805 571 1874 ἐπεὶ
594 1804 631 1872 δέ
654 1806 718 1873 αἰεὶ
740 1809 845 1874 τώυτὸ
864 1819 961 1876 τοῦτο
981 1809 1117 1893 ἐγίνετο,
1140 1805 1210 1876 εἶπε

209 1915 291 1999 πρὸς
308 1915 367 1980 τὸν
385 1916 491 2000 ἀνδρα
509 1915 569 1978 τὸν
587 1911 718 1997 έωυτής.
753 1915 812 1978 τὸν
830 1910 867 1979 δέ
886 1913 1071 1980 ἀκούσαντα
1089 1915 1210 2000 ἐσῆλθε

211 2019 327 2084 αὐτίκα
355 2021 400 2096 ὡς
427 2025 477 2104 είη
504 2017 600 2104 τέρας
626 2018 681 2084 καὶ
709 2017 806 2104 φέροι
829 2018 862 2096 ές
884 2017 966 2103 μέγα
988 2043 1028 2086 τι.
1072 2021 1211 2100 καλέσας

212 2121 249 2189 δέ
270 2127 349 2202 τοὺς
369 2131 475 2209 θῆτας
496 2123 703 2211 προηγόρευέ
724 2141 784 2208 σφι
808 2123 1076 2190 ἀπαλλάσσεσθαι
1099 2126 1134 2192 έκ
1151 2137 1212 2211 γής

211 2238 269 2312 τής
295 2228 428 2296 ἑωυτοῦ.
474 2231 510 2296 οί
534 2227 571 2295 δέ
597 2232 656 2296 τὸν
683 2231 808 2315 μισθὸν
830 2232 959 2313 ἔφασαν
982 2232 1104 2297 δίκαιοι
1126 2228 1211 2298 εἶναι

213 2334 433 2417 ἀπολαβόντες
465 2335 551 2400 οὕτω
584 2335 712 2413 ἐξιέναι.
757 2335 903 2400 ἐνθαῦτα
931 2334 1125 2419 όβασιλεὺς
1150 2348 1212 2404 τοῦ

81 2513 85 2516 ,
213 2445 338 2524 μισθοῦ
369 2438 444 2523 πέρι
471 2439 627 2523 ἀκούσας,
654 2437 697 2524 ήν
723 2442 785 2525 γὰρ
812 2442 893 2504 κατὰ
914 2441 975 2524 τήν
1002 2443 1212 2527 καπνοδόκην

213 2545 246 2622 ές
276 2546 335 2610 τὸν
363 2539 455 2610 οἷκον
483 2543 603 2629 ἐσέχων
631 2545 649 2610 ὁ
676 2547 782 2628 ήλιος,
810 2540 879 2610 εἷπε
906 2549 1092 2631 θεοβλαβής
1117 2551 1212 2631 γενό-

214 2674 312 2736 μενος
334 2650 497 2716 ε(Μισθὸν
520 2647 557 2716 δέ
578 2651 658 2734 ὑμῖν
681 2651 744 2734 ἐγὼ
767 2648 877 2734 ὑμέων
900 2650 992 2728 ἀξιον
1014 2654 1110 2718 τόνδε
1132 2653 1212 2719 ἀπο-

214 2757 373 2842 δίδωμι”,
397 2755 491 2834 δέξας
511 2757 571 2823 τὸν
593 2757 696 2840 ήλιον.
739 2755 758 2821 ό
780 2752 841 2840 μὲν
864 2757 905 2840 δή
927 2757 1080 2840 Γαυάνης
1100 2781 1135 2823 τε
1156 2757 1212 2824 καί

214 2863 232 2928 ὁ
252 2857 405 2948 Ἀέροπος
428 2863 463 2927 οί
481 2864 697 2949 πρεσβύτεροι
716 2861 856 2928 ἕστασαν
877 2861 1144 2948 ἐκπεπληγμένοι,
1167 2865 1213 2942 ὡς

214 2970 360 3053 ήκουσαν
374 2977 489 3034 ταῦτα·
508 2969 525 3034 ό
541 2965 578 3034 δέ
591 2980 677 3050 παῖς,
692 2968 848 3052 ἐτύγχανε
861 2969 924 3054 γάρ
939 2971 1023 3053 ἔχων
1037 2969 1213 3054 μάχαιραν,

215 3080 307 3152 είπας
319 3075 396 3140 τάδε
407 3074 617 3159 “Δεκόμεθα,
628 3071 653 3139 ὦ
664 3078 809 3158 βασιλεῦ,
818 3074 858 3137 τά
867 3074 1006 3157 διδοῑς”,
1016 3076 1212 3160 περιγράφει

214 3188 253 3264 τή
280 3183 421 3266 μαχαίρη
450 3180 484 3258 ές
505 3182 542 3245 τὸ
566 3182 689 3263 ἔδαφος
710 3188 770 3244 τοῦ
793 3184 886 3244 οίκου
908 3180 966 3244 τὸν
988 3181 1097 3264 ήλιον,
1122 3204 1213 3267 περι·

214 3285 343 3368 γράψας
366 3284 413 3368 δέ,
437 3285 470 3362 ές
491 3286 551 3351 τὸν
574 3289 697 3350 κόλπον
719 3282 789 3368 τρὶς
807 3283 1010 3368 ἀρυσάμενος
1026 3295 1086 3350 τοῦ
1103 3286 1211 3371 ἡλίου,

165 3404 214 3454 138
224 3388 448 3454 ἀπαλλάσσετο
472 3389 571 3466 αὐτός
591 3413 626 3454 τε
648 3387 702 3454 καὶ
726 3391 761 3453 οί
779 3385 847 3472 μετ’
869 3389 1004 3454 ἐκείνου.
1040 3391 1075 3454 oc
1090 3389 1150 3475 μέν
1168 3395 1212 3478 δή

216 3491 373 3572 ἀπήισαν,
400 3501 445 3576 τῷ
474 3490 510 3557 δὲ
537 3493 667 3574 βασιλέι·
694 3495 844 3574 σημαίνει
870 3515 919 3569 τις
944 3505 1010 3558 τῶν
1036 3495 1212 3577 παρέδρων
