2572 3980
232 271 274 335 36
644 268 831 324 HERODOTI

229 410 416 496 Ἀθηναίων
443 408 507 479 ὧδε
535 413 794 498 ὠνομάσθησαν·
827 407 869 494 ήν
897 413 1019 476 Κύλωυ
1045 421 1113 476 τῶν
1138 407 1235 494 Ἀθη·

232 523 337 585 ναίων
364 519 447 603 ἀνὴρ
472 513 727 602 Ὀλυμπιονίκης.
774 513 871 594 οὗτος
894 514 945 582 ἐπὶ
968 518 1143 601 τυραννίδι
1167 517 1235 582 ἐκό-

233 641 330 710 μησε,
358 626 664 711 προσποιησάμενος
691 620 728 689 δὲ
756 622 923 708 ἑταιρηίην
946 633 1013 687 τῶν
1036 622 1236 705 ἡλικιωτέων

231 733 427 814 καταλαβεῖν
449 732 509 814 τήν
532 729 712 814 ἀκρόπολιν
735 728 905 812 ἐπειρήθη,
931 727 972 792 ού
995 728 1183 810 δυνάμενος
1202 725 1236 792 δέ

233 835 443 920 ἐπικρατῆσαι
476 833 582 918 ἱκέτης
613 835 696 912 ἵζετο
733 835 815 918 πρὸς
846 833 883 898 τὸ
916 833 1054 916 ἀγαλμα.
1098 835 1236 908 τούτους

233 940 382 1006 ἀνιστᾶσι
410 936 470 1025 μὲν
503 940 538 1004 ολ
567 940 742 1023 πρυτάνιες
771 949 838 1002 τῶν
869 937 1083 1022 ναυκράρων,
1117 939 1235 1022 οἵπερ

232 1050 350 1131 ἔνεμον
381 1048 454 1113 τότε
480 1046 537 1121 τὰς
560 1041 717 1127 Ἀθήνας,
745 1043 932 1126 ὑπεγγύους
958 1044 1044 1126 πλήν
1071 1045 1235 1109 θανάτου·

234 1163 396 1236 φονεῦσαι
424 1145 461 1216 δέ
487 1151 608 1226 αὐτούς
636 1153 722 1232 αἰτίη
751 1152 816 1233 ἔχει
842 1147 1088 1232 Ἀλκμεωνίδας.
1136 1160 1236 1215 ταῦτα

237 1260 300 1343 πρὸ
324 1267 380 1342 τῆς
403 1256 644 1340 Πεισιστράτου
666 1255 794 1338 ἡλικίης
817 1253 955 1337 ἐγένετο.

182 1381 215 1429 72
321 1361 508 1447 Κλεομένης
539 1357 576 1425 δὲ
608 1361 652 1436 ὡς
683 1359 819 1443 πέμπων
848 1359 999 1443 ἐξέβαλλε
1031 1361 1235 1427 Κλεισθένεα

233 1467 287 1533 καὶ
318 1471 395 1544 τοὺς
428 1465 576 1550 ἐναγέας,
610 1465 815 1548 Κλεισθένης
846 1463 906 1549 μὲν
940 1465 1038 1542 αὐτὸς
1069 1466 1236 1551 ὑπεξέσχε·

234 1575 313 1658 μετὰ
341 1570 378 1637 66
401 1568 500 1638 οὐδὲν
527 1567 632 1654 ήσσον
655 1580 763 1654 παρῆν
791 1571 824 1646 ἐς
851 1572 908 1647 τάς
927 1564 1070 1652 Ἀθήνας
1093 1571 1111 1636 6
1137 1575 1236 1637 Κλεο-

235 1678 334 1763 μένης
361 1677 401 1742 ού
425 1679 487 1741 σὺν
511 1677 633 1761 μεγάλη
661 1679 759 1760 χειρί,
788 1675 984 1758 ἀπικόμενος
1008 1673 1045 1741 δὲ
1068 1675 1236 1759 ἀγηλατέει

235 1783 409 1850 ἑπτακόσια
436 1783 562 1848 ἐπίστια
586 1773 789 1864 Ἀθηναίων,
817 1781 857 1846 τά
884 1783 919 1846 οἱ
943 1782 1085 1850 ὑπέθετο
1116 1784 1134 1848 6
1159 1783 1236 1850 Ἰσα-

234 1893 343 1976 γόρης.
393 1897 493 1953 ταῦτα
523 1886 559 1954 ἀὲ
582 1890 721 1970 ποιήσας
749 1888 886 1972 δεύτερα
910 1888 972 1970 τήν
995 1889 1121 1970 βουλήν
1143 1913 1236 1956 κατα-

235 1999 328 2061 λύειν
355 1995 519 2080 έπειρᾶτο,
547 1996 764 2078 τριηκοσίοισι
793 1988 829 2057 δὲ
855 2003 941 2058 τοῖσι
966 1992 1141 2078 Ἰσαγόρεω
1166 2013 1236 2060 στα-

235 2102 371 2186 σιωτησι
401 2102 468 2177 τάς.
486 2100 585 2185 ἀρχάς
613 2099 790 2183 ἐνεχείριζε.
837 2097 1089 2182 ἀντισταθείσης
1118 2098 1156 2165 δὲ
1184 2111 1237 2184 τής

236 2208 358 2288 βουλής
383 2204 437 2270 καὶ
460 2205 501 2270 ού
524 2203 728 2288 βουλομένης
750 2206 928 2268 πεύθεσθαι
952 2205 970 2269 ὅ
994 2227 1027 2270 τε
1050 2208 1237 2292 Κλεομένης

235 2308 290 2374 καὶ
317 2310 334 2374 6
359 2307 527 2393 Ἰσαγόρης
554 2307 608 2374 καὶ
638 2311 673 2373 οί
698 2319 873 2373 στασιῶται
902 2310 1005 2376 αὐτοῦ
1034 2317 1236 2398 καταλαμβά-

236 2431 334 2478 νουσι
368 2415 428 2496 τήν
464 2414 653 2497 ἀκρόπολιν.
695 2409 882 2496 Ἀθηναίων
919 2411 956 2481 δὲ
993 2418 1028 2482 οί
1057 2419 1169 2486 λοιποὶ
1202 2423 1238 2484 τὰ

237 2520 318 2584 αὐτὰ
350 2521 577 2601 φρονήσαντες
608 2518 819 2604 ἐπολιόρκεον
855 2520 976 2597 αύτούς
1007 2521 1130 2606 ἡμέρας
1164 2529 1237 2591 δύο·

235 2633 275 2710 τῇ
299 2620 335 2689 δέ
357 2628 449 2710 τρίτη
473 2624 678 2690 ὑπόσπονδοι
702 2623 887 2710 ἐξέρχονται
910 2626 946 2691 ἐκ
967 2635 1022 2710 τής
1039 2629 1149 2714 χώρης
1168 2634 1237 2698 ὅσοι
1279 2673 1280 2680 1

237 2729 322 2817 ήσαν
350 2731 460 2796 αὐτῶν
483 2733 749 2816 Λακεδαιμόνιοι.
795 2731 977 2797 ἐπετελέετο
1006 2729 1042 2798 δὲ
1068 2743 1114 2822 τῷ
1138 2740 1238 2804 Κλεο-
1279 2711 1280 2750 l

238 2845 331 2924 μένει·
350 2839 370 2921 6
392 2839 498 2921 φήμη·
522 2837 565 2912 ὡς
583 2839 646 2921 γάρ
665 2836 765 2920 ἀνέβη
786 2836 819 2912 ἐς
836 2838 897 2920 τήν
916 2837 1094 2923 ἀκρόπολιν
1112 2842 1239 2925 μέλλων

239 2947 279 3030 66
300 2945 402 3027 αὐτὴν
425 2945 652 3026 κατασχήσειν,
674 2945 725 3026 ήιε
749 2943 782 3018 ἐς
804 2943 840 3007 τὸ
864 2943 988 3008 άόυτον
1010 2954 1068 3028 τής
1089 2953 1176 3013 θεοῦ
1199 2951 1241 3025 ὡς

238 3050 439 3137 προσερέων·
461 3049 482 3132 6
502 3046 538 3114 δὲ
558 3049 641 3133 ίρείη
661 3047 862 3125 ἐξαναστᾶσα
881 3048 916 3113 ἐκ
934 3057 995 3114 τοῦ
1013 3052 1144 3133 θρόνου
1163 3053 1241 3139 πρὶν

238 3156 259 3239 6
287 3157 343 3231 τάς
372 3157 480 3238 θύρας
512 3154 614 3219 αὐτὸν
642 3152 775 3236 ἀμεῖψαι
803 3148 885 3218 εἶπε·
907 3145 946 3218 Ὠ
973 3153 1057 3232 ξεῖνε
1081 3161 1242 3222 Λακεδαι-

239 3262 346 3344 μόνιε,
379 3261 478 3325 πάλιν
511 3261 608 3344 χώρει
640 3255 723 3342 μηδὲ
750 3261 839 3323 ἔσιθι
867 3259 899 3335 ἐς
925 3261 962 3323 τὸ
991 3260 1078 3342 ίρόν·
1111 3263 1152 3326 ού
1180 3266 1241 3346 γὰρ

238 3367 376 3450 θεμιτὸν
404 3371 571 3451 Δωριεῦσι
603 3363 754 3448 παριέναι
782 3363 936 3428 ἐνθαῦτα.
983 3363 1001 3428 6
1030 3361 1066 3429 δὲ
1095 3361 1179 3432 εἶπε·
1206 3360 1243 3432 Ὦ

239 3474 348 3555 γύναι,
372 3469 443 3536 ἀλλ’
471 3471 511 3535 ού
534 3470 685 3554 Δωριεύς
708 3471 772 3552 εέμι
801 3465 872 3534 ἀλλ’
895 3466 1029 3554 Ἀχαιός.
1075 3469 1093 3535 ὁ
1117 3469 1242 3555 μὲνδὴ
