2632 3970
393 277 522 335 mani.
557 277 810 335 0AP.101-105.
1045 277 1109 342 377

103 417 242 503 ὁρμέατο
271 421 307 486 οί
327 423 421 487 ἄλλοι
446 424 533 506 πλὴν
557 421 724 508 Περσέων.
771 418 864 489 οὗτοι
887 420 924 488 δὲ
947 417 1017 489 κατ’
1044 422 1111 488 ὀλί-

102 547 182 607 γους
208 526 381 609 γινόμενοι
409 526 570 611 ἐμάχοντο
597 539 684 593 τοῖσι
712 525 776 594 αίεδ
803 528 837 605 ές
864 529 903 593 τὸ
930 539 1036 612 τεῖχος
1058 527 1110 592 έσ·

101 633 256 696 πίπτουσι
271 631 448 716 Ἑλλήνων.
486 631 540 698 καὶ
558 644 626 699 τῶν
645 645 839 720 στρατηγῶν
851 643 918 698 τῶν
934 637 1110 718 Περσικῶν

102 737 163 802 δύο
189 734 250 821 μὲν
274 737 519 823 ἀποφεύγουσι,
550 740 611 804 δύο
636 736 673 805 δέ
694 745 882 806 τελευτῶσι·
913 732 1111 822 Ἀρταΰντης

101 838 161 926 μὲν
184 841 239 906 καὶ
260 837 459 928 Ἰθαμίτρης,
482 852 543 908 τοῦ
564 853 723 910 ναυτικοῦ
742 843 1008 930 στρατηγέοντες,
1031 843 1110 910 ἀπο-

102 947 281 1030 φεύγουσι,
305 949 508 1034 Μαρδόντης
536 946 573 1013 δὲ
599 947 654 1014 καὶ
683 949 700 1015 ὁ
724 959 785 1014 τοῦ
807 953 906 1028 πεζοῦ
929 950 1110 1034 στρατηγὸς

105 1052 268 1136 Τιγράνης
284 1054 465 1138 μαχόμενοι
480 1058 664 1119 τελευτῶσι.
702 1056 749 1119 ἔτι
769 1051 805 1118 δὲ
820 1051 1016 1138 μαχομένων
1033 1064 1100 1120 τῶν
1113 1072 1162 1121 ιοσ
1240 1051 1243 1060 ’

101 1157 261 1242 Περσέων
288 1157 445 1225 ἀπίκοντο
468 1161 730 1244 Λακεδαιμόνιοι
756 1157 812 1226 καί
839 1161 875 1225 οί
899 1155 968 1244 μετ’
999 1161 1110 1226 αὐτῶν

100 1261 155 1328 καὶ
187 1266 226 1328 τά
253 1267 353 1330 λοιπά
384 1267 653 1351 συνδιεχείριζον.
699 1269 819 1332 ἔπεσον
851 1263 889 1331 δὲ
915 1263 971 1331 καὶ
999 1266 1110 1332 αὐτῶν

100 1381 166 1434 τῶν
181 1367 349 1454 Ἑλλήνων
364 1369 485 1456 ,συχνοὶ
505 1372 667 1454 ἐνθαῦτα,
686 1373 781 1438 ἄλλοι
799 1395 834 1437 τε
852 1369 907 1436 καὶ
926 1373 1110 1438 Σικυώνιοι

100 1473 156 1542 καὶ
187 1473 369 1561 στρατηγὸς
396 1481 572 1563 Περίλεως.
618 1487 686 1542 τῶν
717 1474 755 1543 δὲ
782 1479 922 1561 Σαμίων
953 1478 989 1542 οί
1013 1494 1109 1562 στρα-

100 1582 287 1664 τευόμενοι,
316 1580 426 1658 ἐόντες
453 1605 487 1647 τε
520 1583 556 1650 ἐν
583 1591 628 1670 τῷ
656 1583 869 1670 στρατοπέδῳ
896 1590 941 1670 τῷ
965 1585 1109 1671 Μηδικῷ

100 1683 155 1751 καὶ
187 1686 450 1772 ἀπαραιρημένοι
481 1689 522 1753 τδι
553 1689 655 1772 ὅπλα,
688 1689 733 1765 ὡς
763 1684 855 1754 εἶδον
887 1689 1004 1753 αὐτίκα
1036 1686 1105 1752 κατ’

100 1792 202 1877 ἀρχάς
233 1791 414 1876 γινομένην
447 1792 619 1878 ἑτεραλκέα
651 1795 713 1878 τὴν
743 1795 867 1879 μάχην,
899 1793 1000 1879 ἕρδον
1028 1794 1110 1859 ὅσον

7 1955 8 1964 ,
100 1894 270 1980 ἐδυνέατο,
294 1898 542 1982 προσωφελέειν
565 1898 738 1976 ἐθέλοντες
758 1910 845 1964 τοῖσι
860 1897 1004 1981 Ἕλλησι.
1042 1904 1110 1964 Σα-

100 2005 198 2087 μίους
225 1999 262 2068 δὲ
291 2005 419 2080 ίδόυτες
447 2005 484 2068 οἱ.
502 2005 597 2070 ἄλλοι
615 2003 729 2081 Ἴωνες
752 2004 928 2091 ἄρξαντας,
957 2004 1043 2070 οὕτω
1068 2006 1109 2089 δὴ

100 2106 156 2172 καὶ
188 2106 283 2174 αὐτοὶ
315 2108 516 2186 ἀποστάντες
548 2109 611 2175 ἀπὸ
640 2107 800 2196 Περσέων
832 2108 990 2174 ἐπέθεντο
1022 2120 1110 2175 τοῖσι

99 2214 319 2301 βαρβάροισι..
340 2218 538 2298 Μιλησίοισι
557 2213 594 2280 δὲ
612 2214 849 2300 προσετέτακτο
868 2211 929 2300 μὲν
949 2213 1013 2300 (ἐκ)
1033 2223 1164 2282 τῶνοοε

100 2317 261 2403 Περσέων
284 2321 342 2396 τάς
360 2318 496 2398 διόδους
514 2320 643 2406 τηρέειν
663 2323 825 2406 σωτηρίης
844 2320 952 2386 εἵνεκά
971 2337 1042 2405 σφι,
1065 2321 1110 2400 ώς

99 2424 143 2508 ἣν
166 2425 230 2510 ἀρα
253 2424 358 2509 σφέας
380 2426 614 2512 καταλαμβάνῃ
637 2419 769 2512 οἷάπερ
792 2424 961 2510 κατέλαβε,
980 2429 1111 2512 ἔχοντες

99 2528 265 2612 ἡγεμόνας
284 2531 450 2608 σώζωνται
469 2530 502 2608 ές
520 2533 577 2607 τάς
594 2531 743 2617 κορυφάς
761 2539 819 2614 τῆς
836 2533 1006 2614 Μυκάλης.
1039 2533 1110 2598 έτά·

97 2640 232 2720 χθησαν
264 2634 325 2720 μέν
351 2661 416 2701 υυν
449 2635 501 2702 ἐπὶ
532 2645 630 2702 τοῦτο
662 2637 699 2702 τὸ
726 2645 859 2723 πρῆγμα
888 2638 923 2702 οί
946 2640 1111 2720 Μιλήσιοι

97 2741 222 2806 τούτου
245 2763 280 2807 τε
308 2742 433 2807 εἵνεκεν
460 2740 514 2807 καὶ
538 2743 593 2807 ἵνα
615 2743 660 2827 μὴ
683 2744 861 2826 παρεόντες
883 2742 921 2808 έν
943 2749 988 2828 τῷ
1013 2757 1110 2825 στρα-

98 2846 228 2934 τοπέδῳ
252 2871 284 2914 τι
311 2849 454 2932 νεοχμὸν
481 2847 638 2914 ποιέοιεν·
670 2849 705 2913 οί
730 2843 767 2912 δέ
796 2856 862 2912 πᾶν
890 2848 927 2912 τὸ
956 2847 1109 2912 ἐναντίον

97 2963 161 3018 τοῦ
188 2953 477 3040 προστεταγμένου
507 2952 653 3035 έποίεον,
684 2954 785 3028 ἀλλος
811 2975 846 3017 τε
873 2953 1113 3036 κατηγεόμενοί

97 3077 161 3144 σφι
185 3061 286 3138 ὁδοὺς
309 3061 484 3143 φεύγουσι,
508 3062 545 3124 αδ
566 3060 607 3142 δὴ
631 3059 754 3143 ἔφερον
772 3058 805 3136 ἐς
822 3061 901 3134 τοὺς
919 3061 1108 3141 πολεμίους,
1132 3053 1136 3064 ⁴

96 3164 155 3232 κοιλ
177 3166 270 3258 τέλος
291 3166 390 3232 αὐτοί
405 3183 466 3251 σφι
490 3165 640 3248 ἐγίνοντο
659 3167 843 3240 κτείνοντες
861 3165 1108 3248 πολεμιώτατοι.

96 3273 188 3339 οὕτω
211 3275 252 3356 δὴ
269 3275 309 3338 ’τὸ
328 3273 485 3358 δεύτερον
502 3269 610 3354 Ἰωνίη
630 3271 693 3335 ἀπὸ
712 3269 873 3357 Περσέων
891 3267 1022 3353 ἀπέστη.
1062 3269 1099 3336 έν
1112 3289 1162 3339 ιοο

97 3375 137 3445 δέ
161 3381 262 3462 ταύτῃ
285 3387 324 3464 τῇ
347 3380 432 3465 μάχη
452 3375 620 3463 Ἑλλήνων
643 3377 843 3462 ἠρίστευσαν
859 3371 1031 3460 Ἀθηναῖοι
1053 3374 1109 3442 καὶ

91 3485 287 3569 Ἀθηναίων
305 3482 506 3570 Ἑρμόλυκος
533 3484 551 3550 ό
575 3484 765 3567 Εὐθοίνου,
793 3483 878 3569 ἀνὴρ
905 3485 1109 3570 παγκράτιον
