2678 3968
399 237 465 294 ΜΒ.
480 237 540 294 vn.
577 238 653 295 οΑΡ.
673 245 829 298 218-222.
1056 242 1122 307 243

116 380 310 447 ἀπολέσθαι.
340 391 442 447 ταῦτα
476 381 515 448 δέ
544 399 605 466 σφι
638 382 674 447 ἐν
706 385 797 448 ἔπεσι
827 383 1029 469 ἑξαμέτροισι
1060 395 1122 474 χρᾷ

117 490 234 571 ἔχοντα
257 483 335 552 ὧδε·

157 590 249 676 Ὑμῖν
273 588 316 676 δ’,
341 589 366 660 ὦ
390 595 546 680 Σπάρτης
569 595 736 678 οἰκήτορες
760 595 968 679 εὐρυχόροιο,

153 696 203 762 Ἢ
221 698 302 783 μέγα
322 700 408 764 ’ἀστυ
432 696 580 786 ἐρικυδὲς
601 696 658 764 ὑπ’
685 694 826 784 ἀνδράσι
848 703 1047 786 Περσεΐδῃσι

162 802 340 889 Πέρθεται,
359 805 379 888 ή
398 807 435 870 τὸ
455 803 515 888 μέν
534 806 619 889 οὐχί,
640 802 698 890 ἀφ’
716 805 893 890 Ἡρακλέος
911 805 948 872 δὲ
962 806 1122 892 γενέθλης

166 913 332 993 Πενθήσει
355 914 472 994 βασιλῆ
497 915 665 995 φθίμενον
688 913 937 996 Λακεδαίμονος
961 907 1069 997 οὖρος.

162 1015 213 1080 Οὐ
235 1019 298 1101 γὰρ
321 1017 380 1081 τὸν
402 1017 535 1102 ταύρων
558 1020 671 1101 σχήσει
694 1015 792 1100 μένος
815 1015 894 1082 οὐδὲ
917 1019 1061 1084 λεόντων

158 1120 336 1206 ’Λντιβίην
355 1123 469 1206 ’Ζηνὸς
491 1125 555 1207 γάρ
579 1125 644 1207 ἔχει
667 1122 778 1208 μένος
803 1122 885 1188 οὐδέ
905 1123 924 1188 ἕ
944 1148 1028 1209 φημι

161 1231 368 1312 Σχήσεσθαι,
392 1226 471 1313 πρὶν
493 1226 592 1293 τῶνδ’
619 1227 732 1313 ἕτερον
755 1229 811 1293 διά
832 1230 939 1294 πάντα
963 1230 1109 1312 δάσηται.

116 1334 219 1399 ταῦτά
244 1357 279 1399 τε
307 1334 348 1417 δὴ
377 1333 609 1417 ἐπιλεγόμενον
635 1335 812 1417 Λεωνίδην
835 1333 889 1399 καὶ
916 1337 1122 1418 βουλόμενον

6 1525 7 1528 ¹
116 1439 211 1516 κλέος
241 1438 447 1504 καταθέσθαι
479 1440 630 1524 μούνων
647 1439 896 1524 Σπαρτιητέων,
934 1439 1122 1524 ἀποπέμψαι

6 1793 8 1882 λ

6 1905 23 1964 λ.

116 1549 195 1622 τοὺς
217 1545 408 1630 συμμάχους
435 1550 560 1629 μᾶλλον
589 1544 609 1628 ή
632 1545 747 1629 γνώμη
771 1544 1014 1629 διενειχθέντας
1037 1546 1121 1610 οὕτω

119 1652 268 1734 ἀκόσμως
291 1656 442 1734 οἴχεσθαι
464 1652 542 1725 τοὺς
561 1648 761 1734 οἰχομένους.
779 1651 976 1735 Ιμαρτύριον
999 1649 1038 1716 δέ
1058 1673 1113 1734 μοι
1122 1667 1171 1718 221

118 1755 172 1822 καὶ
198 1758 275 1821 τόδε
303 1756 364 1821 οὐκ
391 1756 562 1839 ἐλάχιστον
589 1756 710 1820 τούτου
732 1754 807 1840 πέρι
834 1754 964 1839 γέγονε,
996 1757 1046 1821 ὅτι
1067 1755 1121 1820 καὶ

119 1864 176 1926 τὸν
199 1861 317 1946 μάντιν
340 1861 376 1937 ὃς
395 1861 501 1926 είπετο
519 1869 559 1945 τή
578 1865 711 1945 στρατιῇ
729 1861 841 1945 ταύτη,
861 1865 1046 1944 Μεγιστίην
1063 1863 1121 1927 τὸν

116 1965 313 2050 Ἀκαρνῆνα,
341 1968 520 2050 λεγόμενον
544 1961 630 2030 εἶναι
652 1967 692 2030 τά
714 1965 877 2032 ἀνέκαθεν
901 1967 964 2032 άπὸ
987 1967 1121 2051 Μελάμ-

6 2111 7 2116 1
34 2108 37 2113 ·
118 2075 235 2153 ποδος,
262 2081 382 2136 τοῦτον
404 2073 463 2137 τὸν
487 2077 621 2136 εἴπαντα
645 2070 680 2136 ἐκ
702 2083 769 2135 τῶν
793 2073 873 2154 ίρῶν
895 2074 935 2136 τά
962 2070 1122 2156 μέλλοντά

120 2197 180 2269 σφι
213 2178 390 2261 ἐκβαίνειν,
428 2180 573 2262 φανερός
605 2177 673 2242 ἐστι
704 2177 874 2260 Λεωνίδης
909 2176 1120 2262 ἀποπέμπων,

6 2335 7 2362 ,
120 2285 175 2348 ἵνα
203 2285 246 2366 μή
275 2285 502 2365 συναπόληταί
528 2299 597 2367 σφι.
631 2277 710 2348 ὁδδ
732 2281 1001 2367 ἀποπεμπόμενος
1023 2284 1141 2360 αὐτὸς,

120 2387 181 2474 μέν
200 2389 261 2454 οὐκ
279 2387 423 2471 ἀπέλιπε,
441 2390 499 2453 τὸν
519 2385 555 2453 δέ
573 2390 674 2452 παῖδα
693 2390 1006 2473 συστρατευόμενον,
1026 2389 1121 2454 ἐόντα

6 2569 7 2576 χ
121 2495 156 2560 οἱ
180 2491 397 2579 μουνογενέα,
425 2491 599 2576 ἀπέπεμψε.
632 2494 667 2558 οί
693 2491 754 2577 μέν
775 2517 839 2558 νυν
862 2493 1026 2579 σύμμαχοι
1050 2497 1171 2578 [οιΊιιι

121 2601 387 2685 ἀποπεμπόμενοι
405 2601 536 2682 οίχοντό
553 2621 588 2662 τε
607 2598 757 2675 ἀπιόντες
770 2597 825 2664 καὶ
844 2598 1016 2664 ἐπείθοντο
1030 2604 1120 2664 Λεω-

120 2709 213 2793 νίδη,
237 2705 390 2782 Θεσπιέες
413 2701 449 2769 δέ
472 2703 526 2800 καὶ
545 2707 684 2788 Θηβαῖοι
705 2703 898 2788 κατέμειναν
920 2712 1040 2787 μοῦνοι
1061 2724 1121 2768 πα·

122 2815 163 2898 ρά
185 2813 484 2896 Λακεδαιμονίοισι.
515 2811 644 2876 τούτων·
666 2808 703 2875 δέ
726 2815 865 2893 Θηβαῖοι
888 2806 949 2892 μὲν
972 2807 1121 2884 ἀέκοντες

7 2939 8 2942 ’
122 2921 240 3002 έμενον
261 2917 315 2983 καὶ
338 2917 379 2981 οὐ
401 2917 600 3000 βουλόμενοι
622 2914 761 3001 (κατεῖχε
785 2914 848 2998 γάρ
872 2930 974 2996 σφεας
996 2917 1120 2977 Λεωνί·

123 3025 182 3108 δης
204 3024 240 3090 ἐν
259 3023 393 3108 ὁμήρων
415 3024 501 3108 λόγῳ
520 3019 739 3105 ποιεύμενος),
763 3018 916 3096 Θεσπιέες
938 3015 975 3082 δὲ
994 3017 1121 3094 ἑκόντες

122 3131 274 3213 μάλιστα,
307 3131 342 3194 οἳ
371 3128 432 3194 οὐκ
463 3130 592 3210 ἔφασαν
621 3125 836 3199 ἀπολιπόντες
861 3124 1036 3206 Λεωνίδην
1066 3121 1121 3188 καὶ

121 3239 199 3312 τοὺς
230 3232 296 3318 μετ’
332 3234 435 3298 αὐτοῦ
467 3230 725 3310 ἀπαλλάξεσθαι,
759 3228 841 3294 άλλδ
871 3231 1121 3312 καταμείναντες

123 3340 366 3406 συναπέθανον.
399 3337 590 3422 ἐστρατήγεε
620 3333 657 3400 δὲ
684 3333 794 3398 αὐτῶν
821 3335 1018 3418 Δημόφιλος
1038 3338 1121 3398 Δια-

123 3447 260 3526 δρόμεω.

853 3541 907 3596 1⁶*
