2640 3960
202 227 271 290 124
614 203 801 280 Ηεαοοοιι

200 370 355 452 τράπεται
380 373 558 456 τριφασίας
586 369 694 446 ὁδούς.
739 366 794 433 καὶ
820 366 841 452 ή
869 363 929 452 μὲν
956 366 1122 464 ἄσφαλτος
1149 359 1202 427 καὶ

201 474 236 538 οί
260 474 335 550 ἅλες
360 478 545 558 πήγνυνται
572 477 771 559 παραυτίκα,
802 475 840 538 τὸ
869 469 906 538 δὲ
933 473 1140 536 ἔλαιον...
1172 468 1204 532 οί

202 576 328 663 Πέρσαι
350 580 505 646 καλέουσι
527 589 625 646 τοῦτο
644 579 841 662 ῥαδινάκην·
874 579 942 641 ἔστι
965 571 1002 639 δέ
1025 573 1127 657 μέλαν
1149 571 1204 638 καὶ

201 683 307 768 ὀδμήν
329 689 553 771 παρεχόμενον
575 684 709 770 βαρέαν.
755 684 902 749 ἐνθαῦτα
924 683 1003 756 τοὺς
1021 676 1204 765 Ἐρετριέας

199 793 364 856 κατοίκισε
390 794 544 874 βασιλεὺς
566 783 724 875 Δαρεῖος,
751 792 787 854 οἳ
809 785 865 852 καὶ
891 785 986 872 μέχρι
1013 783 1088 870 έμέο
1114 775 1204 869 εἶχον

199 897 260 978 τὴν
278 897 390 981 χώρην
406 897 540 979 ταύτην,
559 896 786 977 φυλάσσοντες
803 895 864 977 τήν
883 893 1023 976 ἀρχαίην
1039 897 1205 974 γλῶσσαν.

150 1002 248 1065 120τά
270 997 331 1084 μέν
354 1002 395 1084 δή
418 1000 493 1083 περὶ
513 997 693 1086 Ἐρετριέας
716 1002 789 1083 ἔσχε
808 999 910 1064 οὕτω·
930 999 1204 1081 Λακεδαιμονίων

201 1102 237 1170 δέ
250 1101 332 1189 ήκον
351 1105 384 1174 ές
401 1108 458 1183 τάς
472 1104 615 1190 Ἀθήνας
634 1108 789 1190 δισχίλιοι
807 1105 886 1189 μετά
903 1104 964 1187 τήν
982 1101 1204 1184 πανσέληνον,

201 1213 330 1294 ἔχοντες
357 1213 508 1296 σπουδήν
534 1213 660 1295 πολλὴν
682 1212 892 1293 καταλαβεῖν,
921 1209 1007 1274 οὕτω
1031 1210 1113 1273 ὥστε
1136 1232 1205 1292 τρι-

199 1327 286 1381 ταῖοι
309 1317 345 1382 έκ
366 1319 522 1401 Σπάρτης
546 1317 698 1400 ἐγένοντο
722 1316 759 1382 έν
780 1323 819 1399 τῇ
835 1313 970 1399 Ἀττική.
1014 1315 1148 1398 ὕστεροι
1167 1310 1205 1380 δὲ

200 1420 391 1506 ἀπικόμενοι
421 1432 478 1504 τῆς
505 1424 672 1507 συμβολῆς
699 1422 865 1505 ίμείροντο
894 1421 982 1502 ὅμως
1012 1422 1205 1503 θεήσασθαι

199 1528 279 1601 τοὺς
305 1528 459 1608 Μήδους·
492 1526 647 1602 ἐλθόντες
674 1523 711 1592 δὲ
738 1525 771 1601 ἐς
798 1527 856 1590 τὸν
879 1529 1079 1608 Μαραθῶνα
1106 1525 1203 1610 ἐθεή-

199 1647 310 1697 σαντο.
355 1634 435 1714 μετά
466 1628 503 1697 δέ
535 1631 700 1708 αἰνέοντες
723 1629 923 1714 Ἀθηναίους
953 1628 1008 1696 καὶ
1036 1631 1074 1696 τὸ
1102 1633 1203 1716 ἔργον

200 1735 310 1800 αὐτῶν
333 1737 581 1803 ἀπαλλάσσοντο
604 1738 718 1803 ὀπίσω.

150 1857 198 1908 121
288 1846 388 1927 Θῶμα
416 1842 456 1908 δέ
475 1867 532 1928 μοι
554 1841 609 1908 καί
632 1844 692 1908 οὐκ
715 1841 887 1925 ἐνδέκομαι
909 1842 968 1907 τὸν
991 1843 1107 1924 λόγον,
1132 1837 1203 1907 Ἀλ-

198 1951 381 2032 κμεωνίδας
407 1950 450 2014 ἀν
472 1973 547 2016 κοτε
574 1947 728 2026 ἀναδέξαι
751 1946 900 2032 Πέρσησι
928 1946 963 2012 έκ
989 1950 1204 2032 συνθήματος
1318 1971 1319 1982 ·

199 2053 335 2135 ἀσπίδα,
365 2054 589 2138 βουλομένους
617 2054 681 2118 ὑπὸ
708 2052 908 2136 βαρβάροισί
931 2075 966 2117 τε
994 2047 1080 2118 εἶναι
1103 2051 1202 2136 Ἀθη-

198 2163 314 2234 ναίους
328 2157 382 2223 καὶ
400 2159 464 2224 ὑπὸ
477 2156 599 2245 Ἱππίῃ·
619 2160 737 2234 οἵτινες
755 2163 880 2242 μᾶλλον
898 2156 918 2241 ή
937 2157 1059 2242 ὁμοίως
1072 2161 1202 2244 Καλλίη

198 2270 243 2348 τῷ
269 2266 473 2346 Φαινίππου,
491 2261 680 2329 Ἱππονίκου
703 2261 740 2328 δὲ
766 2266 880 2347 πατρί,
904 2265 1081 2346 φαίνονται
1108 2281 1202 2348 μισο-

198 2367 356 2450 τύραννοι
384 2367 501 2443 έόντες.
544 2371 689 2450 Καλλίης
715 2391 750 2432 τε
777 2370 840 2453 γάρ
868 2377 993 2452 μοῦνος
1012 2365 1200 2452 Ἀθηναίων

198 2470 352 2536 ἁπάντων
379 2471 513 2554 ἐτόλμα,
538 2472 625 2548 όκως
649 2476 884 2557 Πεισίστρατος
913 2473 1043 2540 ἐκπέσοι
1070 2475 1107 2539 έκ
1133 2488 1201 2542 τῶν

149 2613 154 2624 =
194 2572 377 2660 Ἀθηνέων,
410 2579 450 2642 τὰ
476 2581 624 2662 χρήματα
655 2579 758 2644 αὐτοῦ
783 2582 1014 2663 κηρυσσόμενα
1047 2579 1112 2646 ὑπὸ
1139 2591 1201 2648 τοῦ

198 2685 360 2768 δημοσίου
388 2681 566 2767 ὠνέεσθαι,
597 2681 652 2748 καί
679 2678 779 2748 τᾶλλα
805 2684 846 2747 τὰ
873 2686 1009 2767 ἔχθιστα
1036 2672 1080 2762 ές
1097 2687 1201 2754 αὐτὸν

149 2805 196 2852 122
206 2789 312 2853 πάντα
335 2787 526 2872 ἐμηχανᾶτο.
573 2792 735 2871 [Καλλίεω
760 2785 797 2854 δέ
818 2789 940 2854 τούτου
963 2790 1056 2868 ἀξιον
1078 2798 1201 2858 πολλα-

197 2903 258 2978 χοῦ
281 2896 413 2978 μνήμην
436 2891 503 2958 έστὶ
525 2893 631 2958 πάντα
653 2895 728 2960 τινά
746 2897 841 2978 ἔχειν.
877 2904 975 2961 τοῦτο
994 2894 1137 2982 μὲνγὰρ
1159 2901 1203 2964 τὰ
1310 2926 1317 2952 ⁴

197 2997 449 3083 προλελεγμένα,
472 2999 517 3075 ὡς
539 2999 622 3083 ἀνὴρ
645 3001 745 3083 ἀκρος
762 2999 949 3086 ἐλευθερῶν
967 3004 1028 3086 τήν
1045 3007 1200 3092 πατρίδα,

198 3115 296 3171 τοῦτο
320 3101 356 3169 δέ
379 3105 419 3169 τό
441 3104 478 3169 έν
501 3102 658 3189 Ὀλυμπίῃ
682 3104 827 3187 ἐποίησε·
860 3105 947 3194 ἵππῳ
970 3111 1120 3192 νικήσας,
1148 3135 1201 3177 τε-

197 3213 330 3296 θρίππῳ
360 3205 396 3273 δὲ
425 3209 577 3293 δεύτερος
603 3211 809 3294 γενόμενος,Ι
828 3211 944 3275 Πύθια
972 3209 1010 3278 δὲ
1035 3217 1201 3302 πρότερον

198 3313 410 3396 ἀνελόμενος,
438 3313 635 3399 ἐφανερώθη
663 3313 696 3391 ές
718 3317 796 3390 τοὺς
810 3313 972 3399 Ἕλληνας
994 3320 1118 3398 πάντας
1141 3325 1201 3388 δα.

197 3418 320 3503 κάνησι
347 3421 524 3503 μεγίστηοι.
569 3427 666 3484 τοῦτο
695 3415 732 3484 δέ
757 3421 839 3484 κατά
864 3423 922 3498 τάς
944 3421 1069 3490 ἑωυτοῦ
1092 3433 1200 3511 θυγα-
