2632 3970
358 221 426 278 Lm.
441 221 487 278 lx,
524 223 778 279 omme-111.
1003 221 1068 286 381

65 366 177 448 αἰτίην
198 363 254 431 καί
275 374 378 430 ταῦτα
401 365 531 448 έκείνην
553 367 724 450 πρήσσειν,
749 373 788 450 τῇ
812 368 989 432 Μασίστεω
1012 390 1070 450 γν-
1162 419 1164 424 ,

64 468 157 535 ναικὶ
180 470 334 554 ἐβούλευε
357 473 510 556 ὄλεθρον.
551 469 724 554 φυλάξασα
747 465 783 535 δὲ
805 471 864 535 τὸν
887 471 993 555 ἄνδρα
1011 472 1071 537 τὸν

65 574 191 660 ἑωυτής
209 574 335 661 Ξέρξην
354 579 528 660 βασιλήιον
547 577 684 641 δείπνου
702 573 945 660 προτιθέμενον
959 575 1070 661 (τοῦτο

66 677 105 745 δὲ
128 681 166 745 τδ
190 683 326 759 δεῖπνον
348 681 625 768 παρασκευάζεται
647 680 731 760 άπαξ
754 689 814 746 τοῦ
837 680 1007 764 ἐνιαυτοῦ,
1034 681 1071 746 έν

64 784 172 872 ἡμέρη
190 795 230 872 τή
244 786 373 871 ἐγένετο
388 788 556 870 βασιλεύς·
575 787 703 871 οὔνομα
717 783 754 852 δὲ
767 793 813 875 τῷ
829 787 952 873 δείπνφ
966 786 1072 872 τούτφ

66 889 228 978 Περσιστὶ
256 888 318 976 μδν
339 893 457 976 τυκτά,
484 894 566 958 κατά
590 889 626 958 δὲ
647 893 709 976 τήν
727 889 895 975 Ἑλλήνων
918 895 1072 975 γλῶσσαν

64 995 195 1062 τέλεον·
217 999 291 1063 τότε
313 995 368 1062 καὶ
390 999 452 1082 τήν
468 999 617 1082 κεφαλήν
635 1007 754 1082 σμᾶται
772 1005 901 1081 μοῦνον
919 997 1073 1080 βασιλεὺς

64 1100 123 1170 καὶ
138 1101 272 1188 Πέρσας
286 1101 466 1190 δωρέεται),
485 1104 608 1186 ταύτην
623 1104 664 1186 δή
682 1104 743 1187 τήν
759 1100 886 1189 ήμέρην
901 1099 1073 1187 φυλάξασα
1118 1153 1119 1157 ,

64 1206 286 1293 ήἍμηστρις
312 1211 435 1294 χρηίζει
456 1217 518 1274 τοῦ
540 1207 667 1293 Ξέρξεω
691 1210 840 1292 δοθῆναί
860 1208 896 1274 οί
914 1209 976 1291 τήν
998 1209 1073 1271 Μα-

65 1315 187 1378 σίστεω
209 1323 359 1398 γυναῖκα.
396 1314 415 1380 δ
435 1311 472 1379 δὲ
493 1315 606 1380 δεινόν
623 1335 659 1378 τε
676 1311 731 1379 καὶ
749 1313 910 1399 άνάρσιον
928 1309 1073 1378 έποιέετο

64 1426 166 1484 τοῦτο
198 1416 259 1504 μὲν
291 1419 456 1506 ἀδελφεοῦ
483 1429 624 1504 γυναῖκα
652 1419 875 1505 παραδοῦναι,
907 1427 1006 1483 τοῦτο
1036 1413 1074 1482 δδ

66 1523 220 1607 άναιτίην
248 1524 370 1592 έοῦσαν
396 1535 456 1592 τοῦ
483 1528 673 1610 πρήγματος
698 1527 834 1590 τούτου·
865 1531 987 1608 συνήκε
1009 1523 1073 1606 γάρ

65 1637 129 1695 τοῦ
160 1629 286 1695 εἵνεκεν
316 1629 433 1696 ἐδέετο.
483 1631 575 1708 τέλος
605 1629 718 1715 μέντοι
749 1631 877 1714 ἐκείνης
905 1653 941 1694 τε
972 1633 1064 1694 λιπα-
1075 1644 1122 1694 111

67 1735 212 1818 ρεούσης
233 1731 289 1799 καὶ
310 1733 375 1800 ὑπὸ
398 1744 459 1801 τοῦ
476 1739 583 1819 νόμον
601 1736 824 1822 ἐξεργόμενος,
846 1736 897 1800 ὅτι
916 1733 1074 1818 άτυχήσαι

66 1841 129 1904 τὸν
151 1842 326 1924 χρηίζοντα
345 1840 386 1904 ού
409 1856 470 1924 σφι
491 1841 636 1906 δυνατόν
655 1841 724 1906 έστι
741 1843 917 1924 βασιληίου
936 1841 1074 1904 δείπνου

5 1941 7 1948 ’
67 1942 299 2030 προκειμένου,
323 1945 425 2031 κάρτα
449 1946 490 2028 δή
514 1943 620 2010 άέκοιν
642 1947 814 2012 κατανεύει
831 1943 887 2010 καὶ
904 1945 1075 2029 παραδοὺς

67 2047 174 2116 ποιέει
197 2044 275 2114 ὧδε·
297 2051 359 2134 τήν
381 2047 443 2134 μδν
465 2052 591 2116 κελεύει
613 2051 738 2117 ποιέειν
756 2053 796 2116 τά
814 2053 977 2134 βούλεται,
999 2049 1017 2114 ὁ
1037 2045 1074 2113 δέ

67 2156 361 2240 μεταπεμψάμενος
389 2157 449 2220 τὸν
478 2155 642 2240 ἀδελφεὸν
671 2155 756 2239 λέγει
784 2155 875 2220 τάδε·
906 2156 1073 2236 Μασίστα,

68 2262 113 2325 σὺ
140 2255 187 2336 εἷς
209 2263 358 2345 Δαρείου
379 2283 415 2325 τε
442 2271 518 2338 παίς
543 2259 608 2326 καὶ,
627 2260 704 2344 έμὸς
730 2261 904 2356 άδελφεός,
929 2261 1012 2345 πρὸς
1039 2256 1070 2324 δ’

68 2367 118 2432 ἔτι
145 2367 292 2430 τούτοισι
318 2363 374 2431 καὶ
400 2360 447 2443 εἷς
475 2366 560 2451 άνήρ
583 2366 723 2449 ἀγαθός·
752 2364 885 2450 γυναικὶ
907 2367 949 2450 δή
971 2366 1073 2452 ταύτη

66 2479 109 2555 τῇ
132 2479 197 2534 νῦν
224 2471 406 2548 συνοικέεις
428 2473 473 2556 μή
496 2475 662 2555 συνοίκεε,
691 2471 773 2537 άλλά
794 2494 846 2538 τοι
873 2467 944 2538 ἀντ’
974 2472 1074 2554 αὐτῆς

68 2575 135 2659 έγὼ
159 2576 279 2660 δίδωμι
300 2575 470 2662 θυγατέρα
493 2578 553 2660 τήν
576 2577 666 2661 έμήν.
702 2578 804 2662 ταύτη
827 2579 989 2642 συνοίκεε·
1012 2577 1074 2659 τήν

70 2675 110 2747 δέ
133 2688 198 2745 νῦν
221 2682 314 2763 ἔχεις,
338 2680 380 2746 ού
402 2683 464 2766 γάρ
489 2681 596 2748 δοκέει
619 2681 702 2765 έμοί,
725 2681 769 2763 μή
792 2682 844 2764 ἔχε
863 2691 1013 2764 γυναῖκα.
1055 2680 1073 2745 ὁ

69 2782 108 2852 δὲ
132 2787 307 2868 Μασίστης
330 2785 555 2872 ἀποθωμάσας
576 2787 616 2850 τά
639 2788 799 2869 λεγόμενα
821 2783 909 2867 λέγει
926 2786 1017 2850 τάδε·
1035 2777 1074 2849 Ὦ

10 2923 18 2946 ι
69 2889 225 2975 δέσποτα,
247 2893 322 2955 τίνα
341 2913 397 2974 μοι
420 2893 521 2974 λόγον
545 2890 649 2974 λέγεις
671 2891 846 2974 άχρηστον,
868 2891 1014 2956 κελεύων
1034 2913 1074 2974 με

68 3005 223 3081 γυναῖκα,
247 2995 283 3061 έκ
304 3004 361 3078 τῆς
381 3017 438 3080 μοι
460 2994 575 3072 παῖδές
596 3017 631 3060 τε
653 2997 783 3077 νεηνίαι
806 2992 869 3059 είσὶ
891 2992 947 3059 καὶ
968 3002 1073 3078 θυγα-

69 3100 176 3188 τέρες,
198 3112 266 3166 τῶν
288 3098 408 3166 καὶσὺ
431 3103 511 3184 μίαν
532 3109 578 3188 τῷ
600 3098 695 3166 παιδὶ
716 3109 761 3188 τῷ
784 3108 931 3166 σεωυτοῦ
952 3100 1073 3184 ήγάγεο

69 3217 223 3292 γυναῖκα,
243 3206 325 3290 αὐτή
343 3205 381 3272 τέ
397 3229 454 3290 μοι
471 3207 552 3270 κατὰ
569 3208 652 3272 νόον
669 3206 824 3290 τυγχάνει
841 3207 944 3290 κάρτα
962 3206 1073 3291 έοῦσα,

68 3313 195 3395 ταύτην
217 3334 257 3402 με
278 3312 422 3388 κελεύεις
444 3309 580 3395 μετέντα
602 3309 771 3398 θυγατέρα
792 3312 853 3395 τήν
876 3312 939 3395 σήν
956 3319 1072 3396 γήμαις

70 3417 136 3500 έγὼ
169 3413 223 3499 δέ,
255 3420 408 3500 βασιλεῦ,
445 3417 569 3502 μεγάλα
604 3414 666 3502 μὲν
698 3426 854 3503 ποιεῦμαι
884 3416 1074 3502 ἀξιεύμενος
