2678 3970
387 323 453 384 121ss.
473 329 534 386 vn.
571 329 645 386 OAP.
667 337 791 402 14-16,
808 355 832 404 γ.
1047 340 1109 405 149

102 477 230 539 λασσαν
256 473 427 559 πνεύματύ
454 492 538 560 φασι
564 461 696 560 ἀνέμων
724 476 922 562 ἐμπίπτοντα
951 480 992 547 ού
1017 503 1109 570 περι-

102 587 187 665 ορᾶν
206 575 293 664 φύσι
306 588 347 666 τῇ
366 579 488 665 ἑωυτῆς
505 587 659 666 χρᾶσθαι.
697 580 753 666 ἐμὲ
772 579 809 649 δὲ
827 583 1014 652 ἀκούσαντα
1027 590 1110 675 πρὸς

102 694 163 751 σεῦ
184 695 291 764 κακῶς
313 689 355 752 οὐ
377 695 517 753 τοσοῦτο
536 688 632 753 έόακε
649 687 747 772 λύπη,
768 689 848 755 ὅσον
865 691 1026 776 γνωμέων
1044 695 1106 761 δύο

102 789 328 877 προκειμένων
347 790 508 879 Πέρσησι,
530 801 588 878 τῆς
610 789 671 878 μὲν
693 793 793 880 ὕβριν
811 795 1029 882 αὐξανούσης,
1053 809 1110 884 τῆς

1 968 4 980 ,
103 894 140 964 όὲ
165 898 419 982 καταπαυούσης
449 896 505 964 καὶ
531 899 692 984 λεγούσης
724 900 769 978 ὡς
800 903 903 968 κακὸν
934 907 985 986 είη
1018 904 1110 970 διδό-

102 1021 194 1071 σκειν
225 1005 286 1089 τὴν
317 1004 427 1090 ψυχὴν
458 1002 561 1071 πλέον
587 1027 620 1070 τι
648 1007 803 1090 δίζησθαι
834 1005 899 1074 αίελ
930 1011 1018 1094 ἔχειν
1048 1019 1110 1076 τοῦ

102 1113 297 1198 παρεόντος,
335 1111 497 1177 τοιούτων
524 1111 750 1198 προκειμένων
776 1112 937 1199 γνωμέων
966 1115 1018 1180 ότι
1048 1116 1109 1200 τὴν

103 1215 358 1305 σφαλερωτέρην
385 1225 517 1305 σεωυτῷ
542 1239 576 1283 τε
601 1215 657 1284 καὶ
681 1216 831 1305 Πέρσησι
853 1219 997 1307 ἀναιρέο.
1042 1231 1143 1308 νῦνμ

103 1319 160 1408 ών,
185 1323 297 1407 έπειόη
320 1321 477 1408 τέτραψαι
500 1321 553 1390 ἐπὶ
572 1324 634 1408 τὴν
651 1323 786 1409 ἀμείνω,
810 1323 877 1412 φῄς
894 1349 945 1392 τοι
968 1326 1110 1412 μετιέντι

101 1431 161 1496 τὸν
180 1425 231 1496 ἐπ’
248 1426 412 1514 Ἓλληνας
429 1432 549 1496 στόλον
568 1429 743 1515 ἐπιφοιτᾶν
764 1433 898 1519 ὄνειρον
915 1439 1000 1498 θεοῦ
1018 1456 1110 1513 τινος

102 1544 230 1622 πομπῇ,
264 1535 327 1601 οὐκ
356 1533 462 1601 έῶντά
493 1551 531 1601 σε
562 1537 738 1602 καταλύειν
769 1538 829 1603 τὸν
861 1541 989 1606 στόλον.
1035 1537 1106 1606 ἀλλ’

2 1715 3 1741 ἦ
103 1639 183 1710 οὐδὲ
209 1642 312 1708 ταῦτά
344 1641 428 1725 έστι,
460 1636 487 1707 ώ
514 1651 587 1726 παλ,
619 1648 710 1708 θεῖα·
747 1642 887 1710 ἐνύπνια
916 1645 981 1732 γαρ
1009 1647 1049 1710 τά
1077 1646 1110 1724 ές

2 1757 3 1822 f
103 1749 306 1836 ἀνθρώπους
333 1747 566 1832 πεπλανημένα
587 1748 725 1813 τοιαῦτά
748 1749 816 1814 έστι
839 1742 893 1816 ολά
913 1767 951 1816 σε
973 1751 1037 1835 έγώ
1060 1753 1109 1818 ότ-

2 1841 3 1898 }
104 1855 207 1940 δόξω,
233 1857 319 1921 ἔτεσι
341 1862 401 1920 σεῦ
422 1858 575 1920 πολλοῖσι
597 1854 818 1941 πρεσβύτερος
841 1857 919 1922 ἐών·
946 1863 1109 1942 πεπλανῆ-

2 2011 5 2021 ,
103 1968 186 2028 σθαι
214 1955 310 2027 αὗται
337 1960 476 2045 μάλιστα
503 1959 631 2027 ἐώθασι
653 1961 691 2025 αί
710 1961 802 2040 όύιες
827 1972 894 2028 τῶν
917 1962 1108 2050 ὀνειράτων,

102 2069 144 2133 τά
165 2091 216 2146 τις
237 2065 360 2154 ἡμέρης
379 2069 561 2154 φροντίζει·
584 2065 677 2151 ἡμεῖς
694 2063 734 2132 θλ
751 2069 808 2144 τὰς
824 2069 888 2154 πρὸ
906 2076 967 2134 τοῦ
984 2067 1109 2157 ἡμέρας

102 2174 228 2258 ταύτην
254 2175 316 2258 την
340 2175 582 2259 στρατηλασίην
608 2169 664 2237 καί
690 2173 727 2238 τὸ
750 2173 853 2259 κάρτα
875 2179 1006 2258 είχομεν
1029 2179 1109 2260 μετὰ

102 2291 224 2367 χεῖρας.
271 2281 302 2346 εἰ
330 2275 367 2344 δὲ
394 2279 458 2364 ἀρα
484 2281 529 2363 μη
557 2278 626 2344 ἐστι
651 2286 750 2344 τοῦτο
779 2287 911 2345 τοιοῦτο
939 2271 1013 2346 οἷον
1045 2281 1141 2366 έγὼγ

104 2384 256 2474 διαιρέω,
287 2385 370 2450 ἀλλά
401 2408 433 2449 τι
464 2393 525 2450 τοῦ
553 2388 652 2450 θείου
679 2383 830 2470 μετέχον,
861 2388 903 2451 σὺ
934 2395 1001 2452 πᾶν
1028 2387 1108 2454 αὐτὸ

104 2493 280 2577 συλλαβὼν
308 2497 452 2576 εἴρηκας·
483 2493 620 2576 φανήτω
643 2493 706 2578 γὰρ
730 2491 772 2575 δὴ
794 2489 849 2556 καὶ
872 2491 960 2577 έμοί,
988 2492 1033 2571 ώς
1054 2492 1109 2560 καὶ

104 2604 174 2686 σοί,
205 2600 487 2682 διακελευόμενον.
533 2606 680 2683 φανῆναι
708 2593 746 2662 δὲ
773 2593 874 2663 οὐδὲν
901 2600 1026 2683 μᾶλλόν
1053 2622 1109 2683 μοι

104 2706 231 2792 ὀφείλει
259 2707 368 2790 ἔχοντι
393 2705 454 2788 τὴν
481 2703 545 2788 σὴν
573 2702 698 2788 ἐσθῆτα
724 2703 745 2788 ἢ
778 2703 819 2769 ού
845 2701 901 2769 καί
927 2705 988 2788 την
1016 2703 1108 2789 έμην,

9 2837 10 2849 ’
104 2811 188 2880 οὐδέ
207 2834 240 2877 τι
262 2815 389 2896 μᾶλλον
412 2810 448 2875 έν
466 2812 560 2896 κοίτη
578 2818 618 2895 τῇ
637 2818 678 2895 σῇ
697 2808 937 2897 ἀναπαυομένῳ
955 2809 976 2895 ἢ
996 2809 1037 2874 ού
1054 2808 1110 2874 καί

105 2919 144 2985 έν
165 2927 205 3004 τῇ
228 2917 304 3003 ἐμῇ,
328 2922 361 2982 εί
379 2913 440 3002 πέρ
462 2938 500 3000 γε
526 2913 582 2980 καλ
608 2917 714 2993 ἀλλως
736 2913 845 2980 έθέλει
867 2923 1022 2999 φανῆναι.
1068 2915 1109 2980 ού

103 3026 167 3112 γὰρ
192 3025 234 3109 θη
258 3024 292 3102 ές
312 3025 453 3089 τοσοῦτό
472 3045 510 3106 γε
534 3021 690 3107 εὐηθείης
713 3020 826 3104 ἀνήκει
847 3029 957 3102 τοῦτο,
980 3020 1049 3085 ὅτι
1067 3020 1109 3104 δή

103 3132 181 3197 κοτέ
212 3131 283 3197 ἐστι
313 3131 351 3195 τὸ
379 3128 638 3214 ἐπιφαινόμενόν
664 3151 717 3193 τοι
748 3125 785 3192 έν
811 3133 856 3213 τῷ
884 3125 994 3213 ύπνφ,
1026 3125 1107 3192 ὥστε

105 3237 195 3317 δόξει
218 3233 274 3323 ἐμὲ
297 3235 386 3324 ὁρῶν
409 3233 446 3301 σε
469 3230 565 3318 εἶναι,
588 3242 628 3318 τῇ
651 3241 692 3318 σῇ
711 3231 827 3316 ἐσθῆτι
844 3233 1110 3318 τεκμαιρόμενον.

103 3345 135 3410 εί
157 3341 194 3411 δὲ
217 3340 273 3429 ἐμὲ
296 3339 357 3429 μὲν
380 3341 418 3408 έν
441 3337 557 3406 οὐδενὶ
579 3342 667 3427 λόγφ
690 3341 860 3423 ποιήσεται
881 3334 960 3404 οὐδὲ
978 3336 1110 3417 ἀξιώσει

105 3450 322 3535 ἐπιφανῆναι,
353 3449 429 3515 ούτε
456 3447 498 3532 ἢν
524 3447 585 3532 τὴν
613 3445 695 3532 ἐμὴν
722 3445 846 3530 ἐσθῆτα
873 3447 936 3530 ἔχω
964 3445 1040 3510 ούτε
1066 3445 1109 3529 ἣν

104 3558 166 3644 την
185 3559 259 3642 σύν,
279 3553 316 3623 σε
336 3553 373 3621 δὲ
392 3555 606 3641 ἐπιφοιτήσει,
624 3563 722 3620 τοῦτο
740 3554 804 3639 ἤθη
823 3547 992 3638 μαθητέον
1006 3553 1108 3617 ἔσται·
