2640 3960
221 241 263 305 96
508 319 512 326 .
631 238 818 295 Ηεοοοονι

222 382 347 468 μένων,
376 385 460 469 ἀρήν
483 385 679 468 ἐποιήσαντο
707 385 808 448 παῖδα
835 382 1006 466 γενέσθαι·
1043 381 1097 444 διὰ
1124 388 1227 444 τοῦτο

169 505 203 554 64
222 488 282 572 μέν
305 489 340 554 οἰ
359 491 396 555 τὸ
420 491 547 576 οὔνομα
570 492 769 574 Δημάρητος
791 487 899 572 ἐτέθη.
933 491 1056 574 χρόνου
1074 483 1111 550 δὲ
1129 499 1226 569 προί-
1312 483 1313 492 ’

222 597 317 671 όντος
335 593 494 680 Ἀρίστων
517 593 578 681 μὲν
600 593 757 676 ἀπέθανε,
786 596 984 679 Δημάρητος
1007 589 1043 657 δὲ
1065 595 1140 675 ἔσχε
1162 593 1226 674 τήν

222 702 406 782 βασιληίην.
434 701 504 766 ἔδεε
524 699 570 782 δέ,
590 700 634 776 ὡς
652 694 730 782 οἰκε,
754 699 925 766 ἀνάπυστα
942 702 1102 783 γενόμενα
1120 705 1225 760 ταῦτα

221 814 425 872 καταπαῦσαι
438 806 640 890 Δημάρητον
658 813 715 888 τῆς
733 807 915 888 βασιληίης,
940 801 983 869 δι’
1005 803 1026 868 δ
1043 801 1228 886 Κλεομένεϊ

222 912 383 994 διεβλήθη
411 911 558 993 μεγάλως
586 912 748 994 πρότερόν
775 932 809 973 τε
839 909 856 975 δ
879 909 1077 993 Δημάρητος
1099 908 1225 990 άπαγα-

222 1017 292 1099 γὼν
314 1018 375 1100 τήν
398 1017 553 1101 στρατιήν
576 1013 609 1092 ἐξ
629 1013 816 1104 Ἐλευσῖνος
838 1013 893 1080 καὶ
916 1017 958 1098 δή
981 1011 1035 1080 καὶ
1066 1016 1139 1078 τότε
1172 1011 1221 1078 ἐπ’

222 1120 429 1204 Αἰγινητέων
461 1124 539 1197 τοὺς
571 1123 772 1204 μηδίσαντας
806 1121 981 1204 διαβάντος
1011 1119 1225 1202 Κλεομένεος.

170 1243 203 1292 65
222 1224 382 1310 ὁρμηθεὶς
418 1223 465 1291 ὦν
501 1225 724 1291 ἀποτίνυσθαι
757 1227 774 1292 ὁ
807 1225 996 1310 Κλεομένης
1031 1228 1226 1290 συντίθεται

222 1333 409 1417 Λευτυχίδῃ
433 1339 478 1419 τῷ
502 1331 676 1416 Μενάρεος
698 1341 758 1397 τοῦ
773 1331 901 1414 Ἄγιος,
930 1331 1018 1396 ἐόντι
1041 1331 1146 1412 οἰκίης
1168 1341 1226 1414 τής

223 1437 323 1519 αὐτῆς
346 1438 552 1522 Δημαρήτῳ,
569 1433 618 1501 ἐπ’
645 1427 671 1524 ᾧ
695 1459 744 1520 τε,
768 1436 811 1520 ήν
834 1436 936 1501 αὐτὸν
958 1439 1143 1521 καταστήσῃ
1167 1440 1226 1519 βα-

224 1541 316 1606 σιλέα
339 1540 412 1606 ἀντὶ
435 1543 648 1626 Δημαρήτου,
673 1541 789 1621 ἕψεταί
809 1543 843 1606 οἰ
864 1538 913 1607 ἐπ’
935 1544 1122 1624 Αἰγινήτας.
1151 1539 1226 1608 ὁδὶ

223 1647 429 1731 Λευτυχίδης
449 1641 493 1735 ήν
512 1647 633 1732 ἐχθρὸς
651 1655 695 1736 τῷ
714 1649 903 1734 Δημαρήτῳ
923 1647 1061 1732 μάλιστα
1079 1649 1227 1730 γεγονὼς

119 1775 121 1779 ·
224 1753 279 1816 διά
301 1761 433 1836 πρήγμα
451 1753 594 1817 τοιόνδε·
618 1751 850 1838 ἁρμοσαμένου
868 1755 1077 1838 Λευτυχίδεω
1097 1753 1227 1838 Πέρκα-

224 1863 283 1922 λον
310 1858 371 1940 τήν
399 1861 549 1934 Χίλωνος
575 1867 635 1923 τοῦ
663 1857 889 1941 Δημαρμένου
916 1858 1085 1944 θυγατέρα
1115 1859 1227 1942 δΔη-

223 1963 366 2048 μάρητος
380 1963 617 2047 ἐπιβουλεύσας
626 1963 816 2046 ἀποστερέει
826 1966 1030 2048 Λευτυχίδεα
1037 1973 1097 2029 τοῦ
1107 1965 1226 2050 γάμου,

224 2070 358 2152 φθάσας
372 2070 470 2146 αὐτὸς
487 2071 548 2152 τήν
558 2069 731 2153 Πέρκαλον
745 2069 893 2154 ἁρπάσας
906 2069 960 2134 καὶ
974 2072 1063 2156 σχὼν
1076 2083 1227 2154 γυναῖκα.

224 2177 305 2238 κατά
326 2183 423 2240 τοῦτο
447 2171 508 2258 μὲν
530 2176 576 2262 τῷ
598 2177 785 2262 Λευτυχίδῃ
808 2175 829 2258 ή
852 2179 955 2260 ἔχθρη
979 2176 999 2260 ή
1023 2177 1056 2254 ἐς
1077 2179 1138 2242 τὸν
1156 2183 1226 2260 Δη-

224 2279 371 2362 μάρητον
394 2279 559 2362 ἐγεγόνεε,
581 2282 654 2344 τότε
678 2277 715 2345 δέ
738 2281 773 2346 ἐκ
795 2291 852 2364 τῆς
873 2282 1077 2366 Κλεομένεος
1099 2290 1227 2368 προθυ-

224 2385 300 2464 μίης
323 2383 340 2446 ὁ
364 2386 568 2467 Λευτυχίδης
590 2388 790 2468 κατόμνυται
812 2389 1013 2475 Δημαρήτῳ,
1037 2389 1102 2472 φάς
1125 2388 1227 2452 αὐτὸν

225 2485 286 2550 οὐκ
314 2487 510 2570 ἱκνεομένως
537 2491 724 2571 βασιλεύειν
753 2492 1005 2578 Σπαρτιητέων,
1038 2493 1098 2558 οὐκ
1130 2493 1227 2558 ἐόντα

224 2592 326 2657 παῖδα
342 2589 546 2676 Ἀρίστωνος.
576 2595 655 2678 μετά
669 2591 706 2660 δέ
719 2595 780 2678 τήν
793 2601 1003 2682 κατωμοσίην
1022 2597 1137 2662 ἐδίωκε
1151 2597 1226 2662 ἀνα-

225 2699 338 2777 σώζων
361 2698 526 2764 ἐκεῖνο’τὸ
551 2701 637 2782 ἔπος,
669 2701 706 2765 τὸ
735 2696 803 2766 εἷπε
830 2699 988 2786 ’Λρίστων
1015 2705 1088 2767 τότε
1119 2703 1172 2768 ὅτε
1196 2704 1230 2768 οί

224 2805 387 2890 ἐξήγγειλε
412 2804 429 2869 ὁ
454 2803 580 2889 οἰκέτης
600 2807 703 2871 παῖδα
733 2806 921 2891 γεγονέναι,
954 2807 972 2873 ὁ
1000 2805 1037 2872 δέ
1063 2811 1227 2892 συμβαλό-

225 2935 323 2996 μενος
340 2913 421 2987 τούς
441 2920 546 2995 μήνας
564 2911 727 2996 ἀπώμοσε,
752 2915 816 2996 φάς
835 2913 895 2978 οὐκ
914 2911 1038 2978 ἑωυτοῦ
1057 2939 1114 2998 μιν
1133 2909 1228 2980 εἰναι.

175 3079 180 3086 .
224 3019 345 3082 τούτου
387 3017 428 3099 δή
465 3016 666 3100 ἐπιβατεύων
701 3027 761 3083 τοῦ
797 3018 939 3102 ῥήματος
975 3018 993 3083 ὁ
1024 3021 1231 3105 Λευτυχίδης

225 3120 386 3204 ἀπέφαινε
408 3123 467 3187 τὸν
489 3123 691 3206 Δημάρητον
715 3123 790 3188 ούτε
809 3123 841 3200 ἐξ
853 3121 1047 3208 Ἀρίστωνος
1069 3130 1231 3209 γεγονότα

226 3227 302 3291 ούτε
327 3227 525 3311 ἰκνευμένως
548 3229 766 3311 βασιλεύοντα
789 3229 958 3314 Σπάρτης,
986 3233 1063 3307 τοὺς
1086 3231 1231 3315 ἐφόρους

226 3331 392 3416 μάρτυρας
414 3335 636 3417 παρεχόμενος
657 3329 787 3409 κείνους
810 3337 845 3398 οἳ
859 3338 931 3399 τότε
950 3335 1131 3419 ἐτύγχανον
1150 3339 1231 3424 πάρ-

227 3437 323 3520 εδροί
351 3458 389 3506 τε
418 3436 528 3513 ἐόντες
564 3435 618 3502 καὶ
655 3437 854 3516 ἀκούσαντες
890 3449 991 3505 ταῦτα
1024 3438 1230 3527 Ἀρίστωνος.
