2678 3970
216 287 282 351 232
629 283 814 339 Ηοεοοονι
912 263 919 276 “

216 439 323 512 τηςω
300 427 422 514 ’έρξεω
447 437 609 514 στρατιῆς,
632 426 860 512 ἀποπέμπουσι
883 423 1079 566 δεδεμένους
1101 425 1135 502 ἐς
1157 427 1223 491 τὸν

216 537 413 619 Κορινθίων
436 537 568 619 ἰσθμόν.

164 660 216 712 196
301 635 335 706 ‘0
353 636 413 726 μέν
428 641 468 724 δη
482 641 637 718 ναυτικὸς
650 638 669 704 δ
682 650 748 704 τῶν
762 639 939 724 βαρβάρων
953 639 1100 724 στρατός,
1114 635 1221 723 πάρεξ

216 753 284 811 τῶν
305 748 536 812 πεντεκαίδεκα
562 757 649 811 νεῶν
670 757 736 810 τῶν
759 740 852 810 εἷπον
874 745 1056 809 Σανδώκεα
1079 759 1221 828 στρατη·

216 849 321 936 γέειν,
353 851 509 917 ἀπίκοντο
536 850 571 929 ές
594 847 737 935 Ἀφετάς.
782 849 905 935 Ξέρξης
932 846 969 915 δὲ
996 847 1050 914 καλ
1078 848 1097 915 δ
1124 850 1220 927 πεζὸς
1320 873 1325 948 j

215 955 395 1042 πορευθείς
421 957 477 1022 διὰ
499 959 680 1040 Θεσσαλίης
704 953 760 1021 καλ
782 949 925 1040 Ἀχαιίης
949 953 1154 1039 ἐσβεβληκὼς
1175 950 1221 1037 ἧν

215 1059 272 1127 καὶ
295 1063 335 1146 δὴ
357 1073 503 1148 τριταῖος
524 1062 557 1138 ἐς
575 1059 736 1144 Μηλιέας,
760 1060 796 1126 ἐν
814 1064 977 1147 Θεσσαλίη
997 1047 1058 1145 μὲν
1076 1060 1221 1144 ἀμιλλαν

214 1168 436 1252 ποιησάμενος
464 1167 573 1232 ἵππων
603 1177 670 1232 τῶν
698 1163 837 1249 ἑωυτοῦ,
870 1167 1137 1252 ἀποπειρώμενος
1162 1163 1221 1230 καὶ

213 1281 273 1357 της
295 1274 475 1355 Θεσσαλίης
502 1271 619 1353 ἵππου,
648 1273 838 1355 πυθόμενος
865 1271 909 1349 ὡς
936 1270 1052 1356 ἀρίστη
1076 1276 1126 1354 είη
1149 1281 1220 1336 τῶν

214 1377 253 1443 ἐν
276 1375 426 1461 Ἕλλησι·
458 1380 541 1444 ένθα
574 1377 615 1459 δη
648 1376 685 1440 αί
704 1372 893 1459 Ἑλληνίδες
923 1376 1018 1442 ’ίπποι
1047 1375 1220 1442 ἐλείποντο
1325 1389 1326 1450 ᾗ

214 1485 350 1549 πολλόν.
381 1495 448 1549 τῶν
467 1483 528 1568 μέν
545 1507 609 1548 νυν
628 1481 664 1548 ἐν
683 1485 847 1568 Θεσσαλίη
865 1491 1021 1566 ποταμῶν
1036 1478 1220 1566 Ὀνόχωνος

216 1597 341 1673 μοῦνος
373 1589 434 1655 οὐκ
465 1585 626 1674 ἀπέχρησε
657 1597 696 1673 τῇ
726 1595 860 1674 στρατιῇ
886 1589 924 1653 τὸ
951 1586 1094 1674 ῥέεθρον
1123 1589 1222 1653 πινό-

216 1714 328 1778 μενος·
350 1703 418 1758 τῶν
441 1691 478 1759 δὲ
498 1693 535 1759 ἐν
550 1689 676 1779 Ἀχαιίη
693 1703 848 1779 ποταμῶν
866 1692 1011 1777 ῥεόντων
1029 1689 1109 1758 ούδέ
1126 1693 1220 1770 ὅστις

83 1892 86 1897 ¹
216 1798 369 1884 μέγιστος
399 1799 509 1864 αύτῶν
537 1798 605 1865 ἐστι
628 1794 822 1881 Ἠπιδανός,
851 1795 930 1864 ούδέ
958 1792 1055 1874 οὗτος
1082 1797 1218 1883 ἀντέσχε

165 1928 216 1978 197
227 1907 259 1970 εί
279 1906 322 1990 μὴ
348 1904 513 1990 φλαύρως.
558 1903 592 1982 ἐς
609 1902 710 1969 ’Ἅλου
734 1900 771 1970 δὲ
792 1913 849 1988 τῆς
867 1898 1009 1987 Ἀχαιίης
1030 1902 1218 1992 ἀπικομένῳ
1317 1933 1327 1952 ⁶

216 2009 322 2096 Ξέρξη
354 2010 389 2076 οί
412 2011 630 2095 κατηγεμόνες
659 2018 718 2093 τῆς
749 2008 831 2075 δδοῦ
861 2010 1059 2093 βουλόμενοι
1085 2010 1123 2074 τὸ
1148 2019 1218 2074 πᾶν

217 2114 409 2200 ἐξηγέεσθαι
441 2119 555 2199 ἔλεγόν
587 2115 623 2180 οί
651 2115 827 2201 ἐπιχώριον
857 2116 976 2198 λόγον,
1005 2115 1048 2179 τὰ
1076 2112 1153 2200 περὶ
1179 2117 1217 2181 τὸ
1327 2093 1328 2172 λ

218 2221 293 2307 ίρὸν
315 2229 376 2286 τοῦ
393 2223 591 2304 Λαφυστίου
608 2223 702 2301 Διός,
726 2221 770 2296 ὡς
787 2214 933 2304 Ἀθάμας
954 2219 973 2285 ό
991 2221 1118 2286 Αίόλου
1141 2219 1218 2305 ἐμη-

217 2327 383 2410 χανήσατο
404 2324 514 2412 Φρίξῳ
533 2327 638 2410 μόρον
657 2327 720 2390 σὺν
735 2323 818 2390 Ἰνοί
833 2325 1024 2408 βουλεύσας,
1047 2323 1218 2410 μετέπειτα

218 2425 256 2494 δὲ
280 2429 323 2505 ὡς
345 2429 381 2494 ἐκ
402 2415 608 2514 θεοπροπίου
627 2426 750 2512 Ἀχαιοὶ
772 2436 957 2515 προτιθεῖσι
979 2440 1065 2496 τοῖσι
1086 2430 1218 2497 ἐκείνου

217 2535 413 2618 ἀπογόνοισι
435 2531 578 2610 ἀέθλους
594 2535 759 2600 τοιούσδε·
783 2534 819 2613 ὃς
836 2534 878 2600 ἀν
896 2527 917 2621 ἦ
934 2543 995 2600 τοῦ
1011 2535 1125 2619 γένεος
1141 2539 1218 2603 τού-

217 2664 279 2706 του
296 2641 529 2727 πρεσβύτατος,
547 2640 653 2727 τούτῳ
672 2638 878 2718 ἐπιτάξαντες
895 2643 1052 2726 ἔργεσθαι
1068 2639 1219 2726 ποῦ’ληί·

217 2770 279 2812 του
298 2743 392 2811 αύτολ
410 2746 559 2831 φυλακάς
577 2749 689 2830 έχουσι
708 2744 835 2834 (λήιτον
853 2743 890 2811 δέ
908 2745 1062 2812 καλέουσι
1079 2747 1116 2813 τὸ
1134 2770 1218 2833 πρυ-

217 2854 355 2936 τανήιον
383 2853 414 2934 [ο
417 2846 625 2936 ί]Ἀχαιοί)·
656 2851 699 2936 ἢν
727 2849 764 2918 δὲ
791 2850 926 2936 ἐσέλθη,
952 2852 1014 2918 ούκ
1040 2855 1109 2918 ἔστι
1133 2853 1219 2932 δκως
1317 2933 1328 2954 1

218 2959 318 3039 ἔξεισι
335 2955 415 3045 πρὶν
433 2957 454 3042 ἦ
472 2959 641 3022 θύσεσθαι
659 2957 773 3043 μέλλη·
793 2958 837 3035 ὥς
852 2979 888 3022 τε
906 2960 954 3022 ἐτι
971 2958 1054 3043 πρὸς
1068 2959 1219 3025 τούτοισι

217 3062 335 3131 πολλοὶ
365 3065 430 3148 ἤδη
461 3064 589 3128 τούτων
617 3066 711 3146 [τῶν]
743 3065 930 3146 μελλόντων
956 3064 1125 3130 θύσεσθαι
1152 3066 1219 3131 δεί-

218 3187 335 3248 σαντες
361 3175 492 3254 οίχοντο
519 3168 721 3254 ἀπυδράντες
748 3167 781 3245 ἐς
807 3169 909 3251 ἀλλην
936 3169 1062 3254 χώρην,
1093 3172 1219 3256 χρόνον

218 3271 257 3339 δὲ
278 3277 453 3359 προϊόντος
476 3274 580 3340 ὀπίσω
598 3275 814 3350 κατελθόντες
835 3274 877 3357 ἣν
895 3273 1093 3340 ἁλίσκωνται
1111 3274 1220 3342 ἐστέλ-

217 3384 317 3444 λοντο
341 3379 373 3454 ές
390 3379 428 3444 τὸ
446 3382 664 3463 πρυτανήιον·
686 3380 730 3454 ὡς
747 3379 867 3443 θύεταί
880 3402 916 3445 τε
934 3377 1106 3462 ἐξηγέοντο
1124 3380 1219 3466 στέμ-

217 3499 297 3568 μασι
316 3491 379 3560 πᾶς
396 3483 580 3561 πυκασθείς
596 3481 651 3548 καὶ
669 3483 714 3560 ὡς
726 3485 791 3549 σὺν
803 3493 915 3570 πομπῇ
929 3483 1084 3569 ἐξαχθείς.
1115 3495 1220 3552 ταῦτα
