2640 3960
440 258 507 314 LIB.
522 261 569 316 VI.
607 261 684 318 GAP.
705 267 825 317 τι-ιε.
1076 261 1136 326 101

226 403 322 467 Μετὰ
354 399 391 469 δέ
422 413 524 470 ταῦτα
553 403 741 489 Κλεομένεα
773 406 928 472 ἐπάιστον
958 391 1141 491 γενόμενον
1160 423 1193 472 74

0 567 1 572 ,
136 511 421 592 κακοτεχνήσαντα
447 510 481 587 ἐς
503 513 707 596 Δημάρητον
734 514 830 598 δεῖμα
858 515 953 596 ἔλαβε
975 517 1141 596 Σπαρτιη-

136 611 222 679 τέων
243 612 299 679 καί
321 615 475 700 ὑπεξέσχε
498 615 531 694 ἐς
549 620 743 702 Θεσσαλίην.
784 618 942 684 ἐνθεῦτεν
966 615 1003 684 δὲ
1029 618 1141 684 άπικό-
1192 668 1195 672 ,

138 742 237 803 μενος
269 721 302 797 ές
329 722 390 804 την
413 719 590 806 Ἀρκαδίην
616 725 760 809 νεώτερα
790 727 931 809 ἔπρησσε
958 727 1141 809 πρήγματα,

137 829 295 903 συνιστὰς
325 830 404 904 τοὺς
431 825 590 913 Ἀρκάδας
621 828 674 895 ἐπὶ
704 838 744 915 τῇ
773 831 925 916 Σιάρτη,
957 830 1077 906 άλλους
1106 851 1142 893 τε

139 932 259 1016 ὅρκους
285 934 463 1018 προσάγων
491 951 552 1021 σφι
574 931 596 1020 ἦ
619 933 680 1021 μὲν
702 935 846 1014 ἕνεσθαί
865 951 969 1020 σφεας
992 934 1079 1022 αὐτῷ
1102 942 1141 1018 τῇ

139 1037 180 1103 ἂν
209 1037 392 1123 ἐξηγέηται,
424 1038 479 1106 καὶ
512 1042 553 1125 δὴ
584 1040 640 1107 καὶ
672 1042 705 1120 ές
727 1043 908 1127 Νώνακριν
939 1045 1037 1108 πόλιν
1063 1043 1142 1124 πρό-

138 1151 248 1229 θυμος
279 1141 321 1228 ἦν
353 1157 420 1212 τῶν
443 1143 612 1234 Ἀρκάδων
643 1151 722 1226 τοὺς
748 1158 971 1234 προεστεῶτας
1002 1145 1143 1230 ἀγινέων

139 1250 299 1335 ἐξορκοῦν
321 1254 359 1317 τὸ
378 1255 509 1336 Στυγὸς
531 1254 632 1340 ὕδωρ.
669 1255 707 1320 ἐν
729 1252 766 1320 δὲ
783 1256 885 1341 ταύτη
903 1263 942 1339 τῇ
960 1256 1037 1318 πόλι
1054 1251 1143 1335 λέγε-

137 1379 192 1421 ται
215 1351 300 1422 εἶναι
323 1369 390 1424 τῶν
410 1354 577 1445 Ἀρκάδων
599 1362 637 1425 τὸ
659 1362 790 1444 Στυγὸς
811 1361 919 1445 ὕδωρ,
947 1357 1002 1426 καί
1025 1360 1066 1442 δὴ
1089 1355 1144 1424 καὶ

138 1464 209 1527 ἐστι
235 1465 367 1530 τοιόνδε
393 1485 438 1530 τι·
470 1466 561 1551 ὕδωρ
589 1466 705 1551 ὀλίγον
730 1470 935 1552 φαινόμενον
963 1467 999 1532 ἐκ
1025 1465 1144 1550 πέτρης

139 1569 248 1647 στάζει
279 1569 313 1646 ἐς
339 1571 453 1654 άγκος,
485 1573 523 1636 τὸ
551 1569 588 1637 δὲ
615 1557 715 1656 ἄγκος
742 1574 895 1658 αἱμασιῆς
921 1596 970 1649 τις
995 1569 1144 1657 περιθέει

138 1676 268 1752 κύκλος.
288 1677 324 1760 η
348 1673 385 1742 δέ
404 1678 591 1761 Νώνακρις,
614 1677 651 1744 ἐν
673 1687 712 1764 τῇ
735 1679 756 1763 ἡ
778 1681 866 1763 πηγὴ
890 1678 972 1763 αὕτη
990 1678 1145 1762 τυγχάνει

139 1781 254 1864 ἐοῦσα,
271 1785 366 1859 πόλις
384 1781 452 1849 ἐστὶ
469 1793 527 1868 τῆς
541 1779 713 1869 Ἀρκαδίης
729 1787 811 1870 πρὸς
827 1790 949 1872 Φενεῷ.
981 1787 1145 1868 μαθόντες
1163 1799 1197 1850 75

4 1955 5 1960 ,
140 1886 179 1954 δὲ
193 1890 450 1974 Λακεδαιμόνιοι
469 1890 658 1974 Κλεομένεα
674 1899 776 1957 ταῦτα
794 1893 984 1976 πρήσσοντα
1002 1898 1145 1972 κατῆγον

140 1996 245 2062 αὐτὸν
269 1998 437 2073 δείσαντες
458 1994 511 2062 έπὶ
533 2007 619 2062 τοῖσι
642 1996 772 2062 αὐτοῖσι
796 1997 842 2080 [ἐς
864 1997 1036 2082 Σπάρτην]
1058 2006 1145 2059 τοῖσι

140 2100 196 2168 καὶ
227 2104 390 2188 πρότερον
421 2097 509 2187 ἦρχε.
554 2104 757 2168 κατελθόντα
789 2098 826 2166 δὲ
859 2101 1001 2183 [αὐτὸν]
1030 2099 1146 2165 αὐτίκα
1270 2187 1272 2191 ι

140 2207 285 2292 ὑπέλαβε
307 2211 408 2294 μανίη
431 2217 563 2290 νοῦσος,
586 2206 683 2273 ἐόντα
705 2205 760 2273 καὶ
778 2210 940 2293 πρότερον
958 2205 1145 2291 ὑπομαργό·

139 2334 254 2401 τερον·
287 2315 372 2390 ὅκως
392 2314 456 2398 γάρ
478 2337 541 2401 τεῳ
564 2313 695 2399 ἐντύχοι
717 2311 967 2400 Σπαρτιητέων,
991 2311 1146 2398 ἐνέχραυε

140 2421 177 2498 ἐς
194 2422 232 2486 τὸ
249 2423 430 2506 πρόσωπον
443 2421 481 2485 τὸ
495 2429 670 2504 σκῆπτρον.
704 2418 859 2486 ποιέοντα
873 2415 910 2485 δὲ
929 2418 1031 2484 αὐτὸν
1043 2427 1146 2484 ταῦτα

138 2525 197 2594 καὶ
218 2529 523 2614 παραφρονήσαντα
546 2527 669 2610 ἐδησαν
692 2526 728 2591 οί
746 2528 968 2610 προσήκοντες
990 2525 1027 2591 ἐν
1046 2523 1146 2612 ξύλω·

140 2635 160 2701 ὁ
183 2631 221 2700 δὲ
240 2631 351 2710 δεθεὶς
368 2634 428 2700 τόν
446 2632 597 2717 φύλακον
615 2631 833 2717 μουνωθέντα
852 2632 934 2698 ἰδὼν
951 2642 1019 2696 τῶν
1036 2632 1146 2696 ἄλλων

140 2739 243 2808 αἰτέει
274 2741 450 2826 μάχαιραν·
487 2739 528 2804 οὐ
557 2737 764 2822 βουλομένου
797 2734 833 2806 δέ
864 2739 904 2803 τά
930 2747 1042 2820 πρῶτα
1074 2737 1147 2816 [τοῦ

141 2847 309 2934 φυλάκου]
333 2847 465 2911 διδόναι
487 2845 615 2910 ἀπείλεε
637 2845 677 2908 τά
699 2869 757 2930 μιν
780 2841 895 2920 λυθεὶς
912 2843 1052 2924 ποιήσει,
1076 2839 1146 2916 έςὸ

6 2927 12 2952 ⁸
142 2957 256 3031 δείσας
278 2954 335 3029 τάς
357 2952 491 3027 ἀπειλάς
513 2950 531 3015 ὁ
554 2951 703 3035 φύλακος
730 2945 786 3032 (ἦν
808 2951 871 3033 γάρ
894 2957 961 3012 τῶν
983 2968 1033 3022 τις
1055 2945 1146 3011 εἱλώ-

140 3059 225 3147 των)
259 3059 350 3124 διδοί
380 3057 415 3121 οί
441 3057 613 3141 μάχαιραν.
658 3053 847 3139 Κλεομένης
879 3047 916 3117 δὲ
946 3050 1147 3136 παραλαβὼν

140 3168 202 3232 τὸν
234 3166 373 3249 σίδηρον
405 3165 521 3248 άρχετο
550 3162 678 3227 ἐκτῶν
705 3157 861 3243 κνημέων
884 3156 1008 3223 ἑωυτὸν
1035 3157 1147 3241 λωβώ-

11 3260 16 3287 '
140 3291 257 3359 μενος·
295 3271 481 3354 ἐπιτάμνων
509 3270 573 3354 γδρ
600 3268 681 3332 κατὰ
708 3274 809 3350 μῆκος
835 3265 893 3340 τάς
920 3262 1042 3346 σάρκας
1068 3285 1148 3348 προ-

142 3380 254 3465 έβαινε
284 3377 321 3442 ἐκ
348 3386 416 3441 τῶν
442 3373 595 3458 κνημέων
622 3372 655 3450 ἐς
682 3374 760 3448 τοὺς
787 3371 926 3455 μηρούς,
955 3369 990 3435 ἐκ
1017 3364 1054 3434 δὲ
1080 3380 1147 3434 τῶν
1201 3413 1204 3417 -

142 3496 259 3573 μηρῶν
288 3485 321 3560 ές
342 3504 377 3546 τε
404 3482 444 3544 τδι
472 3481 559 3564 ίσχία
586 3477 641 3544 καὶ
667 3481 724 3556 τὰς
746 3477 906 3559 λαπάρας,
935 3475 968 3552 ἐς
990 3475 1008 3540 ὃ
1032 3475 1065 3552 ἐς
1086 3475 1148 3556 τὴν
