2678 3970
180 291 246 354 220
593 286 781 341 HERODOTI

182 433 266 517 ἐπήν
289 431 439 517 ἀριθμός.
481 430 499 496 δ
523 427 560 496 δέ
582 433 750 513 Μίκυθος,
775 429 901 513 οἰκέτης
921 429 988 514 ἐὼν
1000 425 1189 511 Ἀναξίλεω,

184 539 358 624 ἐπίτροπος
375 534 507 621 Ῥηγίου
528 536 764 620 κατελέλειπτο,
788 530 885 613 οὗτος
908 536 944 612 ός
960 556 1022 620 περ
1040 535 1189 602 έκπεσδιν
1323 541 1324 546 ’

184 645 220 710 έιι
238 642 371 728 Ῥηγίου
393 642 448 709 καλ
470 642 594 727 Τεγέην
615 644 677 726 τήν
695 639 864 728 Ἀρκάδων
886 643 1021 725 οἰκήσας
1042 639 1189 723 ἀνέθηκε

132 750 229 821 ιιεέν
249 745 406 836 Ὀλυμπίῃ
434 752 513 827 τοὺς
538 751 682 826 πολλοὺς
709 749 915 832 ἀνδριάντας.
960 747 1042 812 ἀλλά
1063 748 1104 812 τά
1125 743 1189 831 μὲν

155 859 265 944 ,κατὰ
292 852 464 940 Ῥηγίνους
495 877 530 921 τε
560 853 616 920 παλ
648 858 874 941 Ταραντίνους
904 863 966 920 τοῦ
996 856 1098 937 λόγου
1130 877 1189 937 μοι
1315 930 1325 942 ⁴

183 964 379 1049 παρενθήκη
406 961 532 1046 γέγονε.
578 960 612 1038 ές
641 958 679 1026 δέ
704 962 765 1044 τήν
787 962 923 1046 Κρήτην
945 959 1188 1045 ἐρημωθεῖσαν,

185 1070 230 1147 ὡς
253 1067 388 1153 λέγουσι
411 1071 585 1154 Πραίσιοι,
615 1067 835 1146 έσοικιϊεσθαι
857 1068 978 1143 ἄλλους
998 1087 1033 1131 τε
1056 1065 1189 1151 ἀνθρά-

184 1197 268 1252 πους
289 1172 345 1240 καὶ
367 1175 506 1258 μάλιστα
525 1171 703 1257 Ἕλληνας,
725 1176 818 1259 τρίτη
841 1169 878 1238 δὲ
900 1181 997 1258 γενεή
1018 1173 1099 1257 μετά
1120 1175 1189 1236 Μί

184 1305 256 1347 νων
282 1281 521 1362 τελευτήσαντα
548 1278 707 1362 γενέσθαι
735 1280 775 1344 τά
801 1279 946 1364 Τρωικά,
974 1277 1011 1344 έν
1037 1289 1123 1343 τοῖσι
1146 1278 1190 1343 οὐ

187 1385 438 1473 φλαυροτάτους
456 1388 638 1469 φαίνεσθαι
657 1384 771 1462 ἐόντας
788 1387 920 1471 Κρῆτας
936 1386 1100 1472 τιμωροὺς
1117 1388 1190 1449 Με·

184 1492 297 1580 νέλεφ.
342 1489 416 1556 άντλ
438 1491 566 1556 τούτων
594 1489 634 1556 δέ
656 1507 717 1575 σφι
740 1491 984 1573 ἀπονοστήσασι
1006 1490 1043 1556 έιι
1068 1493 1191 1577 Τροίης

187 1601 284 1684 λιμόν
311 1620 346 1662 τε
372 1595 427 1662 καὶ
455 1598 573 1681 λοιμὸν
599 1595 839 1680 γενέσθαικαὶ
865 1597 996 1662 αὑτοῖσι
1021 1594 1076 1662 ιιαλ
1102 1607 1190 1662 τοῖσι

186 1693 397 1792 προβάτοισι,
434 1705 506 1768 ἔστε
540 1705 578 1768 τὸ
611 1704 768 1789 δεύτερον
799 1701 1024 1789 ἐρημωθείσης
1057 1704 1191 1789 Κρήτης

185 1812 265 1898 μετά
301 1820 368 1874 τῶν
403 1808 596 1874 ὑπολοίπων
627 1812 759 1895 τρίτους
794 1809 898 1893 αὑτήν
933 1818 998 1874 νῦν
1028 1809 1191 1895 νέμεσθαι

186 1921 326 2003 Κρήτας.
372 1914 393 1998 ή
425 1910 486 1999 μέν
519 1916 560 1998 δή
589 1919 705 1998 Πυθίη
737 1915 954 2000 ὑπομνήσασα
985 1925 1087 1981 ταῦτα
1116 1917 1191 2000 ἔσχε
1321 1936 1326 1947 “

106 2069 109 2076 ·
186 2020 411 2108 βουλομένους
432 2020 606 2107 τιμωρέειν
628 2030 714 2086 τοῖσι
728 2019 872 2105 Ἕλλησι.
1281 2049 1284 2056 ⁴

135 2142 186 2190 172
278 2126 441 2194 Θεσσαλοὶ
465 2125 502 2193 δέ
525 2127 589 2194 ὑπὸ
612 2127 791 2211 ἀναγκαίης
812 2128 849 2192 τὸ
868 2137 1001 2211 πρῶτον
1019 2127 1191 2212 ἐμήδισαν,
1326 2151 1327 2178 f

187 2237 232 2311 ὡς
256 2233 416 2318 διέδεξαν,
441 2235 492 2298 ὅτι
515 2234 557 2298 οὑ
579 2251 640 2318 σφι
661 2235 786 2316 ήνδανε
807 2234 847 2298 τὰ
871 2234 906 2297 οί
922 2229 1094 2299 Ἀλευάδαι
1114 2234 1192 2320 έμη-

186 2349 345 2425 χανῶντο.
382 2339 486 2403 ἐπείτε
508 2340 572 2423 γὰρ
596 2338 763 2404 ἐπύθοντο
784 2339 919 2423 τάχιστα
941 2337 1101 2424 μέλλοντα
1120 2341 1192 2405 δια-

187 2447 316 2529 βαίνειν
338 2445 397 2508 τὸν
417 2442 553 2527 Πέρσην
572 2443 605 2520 ές
622 2444 684 2527 τήν
702 2444 880 2529 Εὐρώπην,
899 2444 1063 2528 πέμπουσι
1081 2444 1114 2522 ές
1131 2447 1192 2511 τὸν

184 2547 321 2634 Ἰσθμὸν
349 2546 516 2632 ἀγγέλους.
562 2547 599 2613 έν
627 2546 664 2614 δὲ
693 2557 738 2638 τῷ
761 2547 885 2638 Ἰσθμῷ
913 2546 998 2633 ήσαν
1021 2550 1192 2636 ἁλισμένοι

186 2658 370 2742 πρόβουλοι
396 2661 454 2738 τής
472 2651 630 2731 Ἑλλάδος
652 2654 867 2741 ἀραιρημένοι
890 2656 953 2722 ἀπὸ
975 2667 1042 2721 τῶν
1064 2661 1192 2724 πολίων

187 2773 255 2828 τῶν
273 2763 313 2827 τά
332 2760 454 2846 ἀμείνω
473 2760 708 2846 φρονεουσέων
726 2760 802 2847 περὶ
819 2763 880 2846 τήν
894 2757 1042 2828 Ἑλλάδα.
1079 2763 1192 2830 ἀπικό-

188 2892 282 2953 μενοι
297 2864 334 2933 δὲ
353 2866 405 2932 ἐπὶ
422 2868 562 2944 τούτους
578 2879 646 2934 τῶν
664 2873 842 2933 Θεσσαλῶν
861 2859 896 2934 οί
911 2870 1044 2952 ἀγγελοι
1063 2871 1191 2953 έλεγον·
1323 2937 1327 2956 ,

187 2975 329 3062 ’Ἀνδρος
351 2973 524 3058 Ἕλληνες,
556 2976 610 3039 δεῖ
630 2974 862 3058 φυλάσσεσθαι
883 2975 944 3058 τήν
966 2974 1108 3059 ἐσβολήν
1130 2976 1193 3060 τήν

186 3079 397 3168 Ὀλυμπικήν,
420 3081 475 3145 ἵνα
497 3082 660 3163 Θεσσαλίη
683 3103 718 3144 τε
740 3077 795 3144 καὶ
817 3079 837 3163 ή
861 3081 1015 3164 σύμπασα
1037 3071 1193 3166 ήἙλλὰς

189 3187 226 3253 έν
254 3186 355 3271 σκέπη
383 3195 443 3251 τοῦ
465 3184 620 3269 πολέμου.
665 3184 758 3270 ήμεϊς
784 3184 845 3270 μέν
867 3210 931 3251 νυν
954 3185 1082 3270 ἕτοιμοί
1101 3188 1193 3271 είμεν

189 3293 457 3376 συμφυλάσσειν,
489 3291 628 3376 πέμπειν
661 3287 698 3356 δλ
729 3291 791 3375 χρή
823 3289 877 3355 καλ
908 3291 1010 3376 ὑμέας
1036 3294 1193 3379 στρατιήν

189 3399 326 3480 πολλήν,
351 3397 396 3473 ὡς
418 3399 449 3461 εί
468 3399 512 3490 μή
534 3396 686 3482 πέμψετε,
710 3396 888 3462 ἐπίστασθε
910 3397 1011 3482 ήμίας
1033 3397 1193 3482 ὁμολογή-

189 3521 262 3570 σειν
289 3509 334 3600 τρλ
364 3500 491 3588 Πέρση·
524 3501 565 3566 οὐ
591 3502 654 3586 γάρ
681 3525 733 3566 τοι
759 3502 1027 3587 προκατημένους
1053 3513 1192 3570 τοσοῦτο
