2678 3968
392 267 547 322 mmm.
585 249 803 324 owe-81.
1033 271 1101 337 28ι

95 410 138 474 οὐ
166 413 283 494 φίλον,
316 410 440 496 ἐχθρὸν
468 407 505 476 δέ
531 412 571 475 τδ
597 411 749 496 μάλιστα·
781 412 845 478 ὑπὸ
873 411 910 479 δέ
937 415 1104 500 μεγάθεος

94 526 162 580 τῶν
178 519 370 603 παρεόντων
382 527 492 581 κακῶν
505 519 615 600 λήθην
629 516 766 582 ἐκείνων
779 519 973 603 ποιεύμενος
993 520 1103 600 ἐξεκα-

96 621 199 706 λέετο,
220 622 332 688 θέλων
351 623 439 710 αύτῷ
459 621 623 707 συμμίξαι.
658 627 857 706 προακηκόεε
877 621 914 690 δὲ
933 626 983 690 ὅτι
1001 629 1102 692 σπεύ·

96 729 189 793 δοιεν
221 730 256 794 oc
285 728 348 793 ἀπὸ
376 731 638 811 Πελοποννήσου
670 728 805 812 ἀνάγειν
831 731 889 807 τὰς
915 730 992 808 νέας
1018 734 1103 818 πρὸς

95 837 155 900 τὸν
179 833 325 919 Ἰσθμόν.
371 836 416 911 ὡς
447 831 484 900 δὲ
516 833 636 917 ἐξῆλθέ
666 835 700 898 οί
725 836 977 920 Θεμιστοκλέης,
1010 841 1103 922 έλεγε

92 939 294 1026 Ἀριστείδης
319 941 411 1006 τάδε·
440 936 561 1025 Ἡμέας
588 941 772 1019 στασιάζειν
794 939 893 1025 χρεόν
916 942 985 1008 ἐστι
1007 944 1044 1007 έν
1066 967 1103 1008 τε

94 1053 141 1134 τςό
165 1047 253 1134 άλλφ
276 1055 379 1133 καιρῷ
402 1043 458 1110 καλ
482 1047 522 1130 δή
542 1043 597 1110 καί
616 1045 652 1110 έν
672 1047 758 1133 τῷδε
775 1045 851 1131 περὶ
869 1056 929 1112 τοῦ
948 1048 1105 1134 ὁκότερος

94 1151 206 1236 ἡμέων
235 1151 322 1218 πλέω
346 1151 457 1235 ἀγαθά
483 1153 544 1236 τήν
566 1153 708 1237 πατρίδα
730 1151 909 1236 ἐργάσεται.
954 1153 1039 1238 λέγω
1063 1153 1105 1220 δέ

95 1281 148 1323 τοι
170 1259 221 1324 ὅτι
244 1265 318 1324 ίσον
342 1257 410 1322 ἐστὶ
432 1257 538 1322 πολλά
554 1281 590 1322 τε
612 1255 667 1322 καὶ
686 1257 781 1341 ὀλίγα
799 1257 909 1340 λέγειν
927 1258 1002 1344 περί
1021 1260 1103 1325 ἀπο-

94 1367 201 1430 πλόου
223 1373 284 1430 τού
306 1363 465 1429 ἐνθεῦτεν
484 1366 794 1446 Πελοποννησίοισι.
831 1363 895 1447 έγῶ
918 1366 981 1451 γάρ
1004 1365 1103 1431 αύτό-

94 1492 178 1554 πτης
208 1494 260 1536 τοι
291 1469 375 1553 λέγω
406 1471 585 1554 γενόμενος
616 1469 667 1534 ὅτι
697 1478 761 1535 νῦν
795 1465 868 1534 οὐδ’
902 1469 945 1554 ήν
976 1471 1104 1537 θέλωσι

95 1579 281 1663 Κορίνθιοί
306 1599 341 1640 τε
372 1573 427 1640 καλ
453 1575 553 1651 αὐτὸς
574 1575 787 1662 Εὐρυβιάδης
814 1568 884 1641 οἷοί
905 1600 941 1641 τε
969 1579 1102 1642 ἔσονται

96 1683 273 1749 ἐκπλῶσαι·
295 1683 516 1767 περιεχόμεθα
538 1682 602 1766 γάρ
625 1681 690 1746 ὑπὸ
712 1692 779 1746 τῶν
797 1683 964 1766 πολεμίων
981 1683 1101 1770 κύκλῳ.

95 1787 168 1854 ἀλλ’
207 1789 355 1854 έσελθῶν
387 1804 447 1871 σφι
482 1794 584 1851 ταῦτα
621 1788 780 1871 σήμηνον.
831 1787 849 1852 ὁ
884 1784 914 1852 δ’
949 1787 1101 1872 ἀμείβετο
1120 1810 1160 1862 οο

10 1937 14 1970 ,
96 1897 235 1960 τοισίδε·
258 1894 373 1980 Κάρτα
390 1915 426 1958 τε
443 1893 568 1979 χρηστά
587 1893 789 1956 διακελεύεαι
807 1890 863 1956 καλ
880 1887 918 1957 εὖ
935 1894 1102 1976 ήγγειλας·

96 2003 137 2066 τά
159 2003 222 2087 γάρ
245 1999 308 2082 ἐγὼ
337 1999 476 2082 ἐδεόμην
498 1996 672 2080 γενέσθαι,
703 1997 802 2074 αὐτὸς
825 1997 988 2082 αὐτόπτης
1009 1994 1102 2082 γενό-

96 2130 196 2193 μενος
230 2106 349 2189 ήκεις.’
378 2110 452 2169 ίσθι
487 2105 551 2189 γάρ
584 2102 616 2181 έξ
649 2101 724 2186 ἐμέο
756 2104 796 2168 τά
827 2104 1007 2188 ποιεύμενα
1036 2105 1105 2170 ὑπὸ

96 2213 237 2296 Μήδων.
282 2212 353 2276 ἔδεε
375 2211 455 2296 γάρ,
485 2210 538 2274 ὅτε
562 2209 623 2274 οὐκ
641 2207 770 2284 ἑκόντες
791 2209 917 2292 ήθελον
939 2209 973 2286 ές
995 2211 1106 2295 μάχην

96 2321 314 2385 κατίστασθαι
333 2318 368 2382 οί
379 2315 546 2400 Ἕλληνες,
565 2313 720 2391 ἀέκοντας
737 2317 1022 2399 παραστήσασθαι.
1060 2319 1107 2382 σὺ

97 2421 136 2490 δὲ
172 2423 245 2489 ἐπεί
271 2447 332 2508 περ
368 2424 457 2506 ήκεις
487 2422 612 2508 χρηστὰ
645 2419 873 2504 ἀπαγγέλλων,
912 2421 1011 2498 αὐτός
1042 2439 1106 2508 σφι

97 2533 261 2614 ἄγγειλον.
296 2529 338 2614 ήν
360 2530 423 2623 γάρ
442 2528 506 2611 ἐγὼ
525 2527 608 2592 αύτδι
626 2525 721 2610 λέγω,
746 2526 831 2606 δόξω
850 2528 976 2605 πλάσας
994 2525 1106 2611 λέγειν

96 2635 152 2702 καί
175 2635 217 2701 ού
238 2638 340 2701 πείσω
364 2634 408 2711 ὡς
431 2633 472 2707 ού
494 2634 678 2699 ποιεύντων
700 2643 767 2698 τῶν
787 2634 966 2718 βαρβάρων
989 2641 1101 2698 ταῦτα.

97 2743 180 2809 ἀλλά
203 2758 264 2827 σφι
286 2743 437 2826 σήμηνον
460 2740 558 2816 αὐτὸς
578 2740 755 2822 παρελθὼν
773 2739 819 2816 ὡς
837 2741 910 2823 ἔχει.
948 2738 1047 2803 ἐπεάν
1065 2736 1106 2804 δὲ·

97 2852 263 2934 σημήνῃς,
285 2846 328 2932 ήν
351 2843 411 2932 μὲν
434 2849 631 2928 πείθωνται,
656 2847 771 2926 [ταῦτα
795 2845 835 2927 δή
858 2845 898 2908 τά
920 2843 1101 2926 κάλλιστα,]

10 2925 13 2950 ἱ
97 2955 142 3039 ήυ
172 2952 209 3020 δέ
236 2953 375 3019 αὐτοῖσι
393 2953 436 3036 μή
463 2953 561 3016 πιστδι
583 2949 732 3035 γένηται,
756 2949 873 3034 ὅμοιον
888 2945 975 3033 ήμῑν
998 2951 1102 3014 ἔσται·

98 3061 140 3126 οὐ
166 3063 230 3146 γάρ
253 3063 301 3125 έτι
324 3059 576 3142 διαδρήσονται,
605 3063 638 3121 ελ
655 3077 716 3140 περ
739 3056 959 3140 περιεχόμεθα
980 3075 1102 3120 παντα-

98 3171 216 3253 χόθεν,
244 3168 289 3244 ὡς
311 3169 354 3231 σὺ
376 3164 489 3249 λέγεις.
534 3171 637 3227 ταῦτα
666 3163 756 3244 ἔλεγε
778 3160 958 3245 παρελθὼν
980 3159 998 3225 ὁ
1019 3155 1102 3245 Ἀρι-
1120 3182 1159 3232 ει

98 3276 244 3358 στείδης,
272 3272 418 3357 φάμενος
446 3270 479 3349 ἐξ
501 3270 641 3352 Αἰγίνης
666 3288 701 3331 τε
728 3266 820 3350 ήκειν
848 3263 903 3330 καί
930 3267 1025 3351 μόγις
1052 3267 1102 3332 ἐκ-

97 3384 226 3445 πλῶσαι
244 3379 359 3444 λαθὼν
377 3380 455 3454 τοὺς
475 3372 708 3460 ἐπορμέοντας·
726 3369 937 3458 περιέχεσθαι
954 3374 1018 3459 γάρ
1036 3383 1103 3440 πᾶν

98 3487 137 3551 τὸ
170 3485 393 3571 στρατόπεδον
429 3484 467 3547 τὸ
495 3479 688 3565 Ἑλληνικὸν
719 3478 784 3544 ὑπὸ
816 3489 883 3548 τῶν
915 3488 1001 3543 νεῶν
1034 3491 1105 3544 τῶν
