2640 3960
204 274 245 338 78
614 273 801 330 HERODOTI

148 433 183 484 ευ
294 422 404 484 Ταῦτα
427 414 487 504 μὲν
511 419 553 502 δή
577 418 663 484 οὕτω
686 417 827 502 έχίνετο,
846 415 987 506 Ἱστιαίῳ
1011 415 1048 486 δέ
1070 427 1115 507 τῷ
1138 423 1210 487 Μι-

203 525 306 611 λησίφ
339 516 426 590 ἐάντι
457 521 532 609 περὶ
562 523 744 602 Βυζάντιον
772 522 827 588 καί
854 526 1120 608 συλλαμβάνοντι
1151 527 1212 602 τὰς

199 626 323 695 Ἰώνων
353 631 494 707 ὁλκάδας
520 629 719 706 ἐκπλεούσας
746 629 782 695 ἐκ
807 638 868 696 τοῦ
896 632 1031 696 Πόντου
1059 629 1212 714 ἐξαγγέλ-

202 739 294 800 λεται
314 737 355 801 τά
372 733 447 819 περὶ
465 737 619 817 Μίλητον
641 737 812 819 γενόμενα.
843 736 883 800 τά
905 732 966 820 μέν
989 737 1030 819 δή
1049 733 1125 821 περὶ
1138 733 1212 801 Ἑλ-

203 842 390 924 λήσποντον
411 845 529 926 ἔχοντα
551 841 723 925 πρήγματα
746 841 914 925 ἐπιτράπει
931 843 1076 928 Βισάλτῃ
1095 839 1212 907 ’Λπολ-

204 948 368 1032 λοφάνεος
389 945 483 1014 παιδὶ
498 940 681 1033 Ἀβυδηνῷ,
704 945 804 1024 αὐτὸς
826 944 863 1012 δὲ
886 950 971 1032 ἔχων
989 949 1155 1030 Λεσβίους
1177 947 1213 1023 ἐς

204 1057 288 1120 Χίον
312 1057 415 1136 ἔπλεε,
437 1049 493 1118 καὶ
511 1055 604 1118 Χίων
627 1060 758 1137 φρουρή
777 1052 818 1117 οὐ
836 1051 1034 1137 προσιεμένῃ
1053 1076 1111 1137 μιν
1129 1069 1213 1118 συν·

205 1158 302 1242 έβαλε
329 1159 365 1225 ἐν
383 1162 537 1224 Κοίλοισι
558 1156 786 1241 καλεομένοισι
806 1167 864 1242 τῆς
882 1161 965 1242 Χίης
981 1159 1098 1243 χώρης.
1133 1159 1213 1224 τού-

204 1288 271 1330 των
293 1288 329 1330 τε
356 1265 398 1348 δή
422 1264 582 1348 ἐφόνευσε
604 1264 762 1348 συχνούς,
790 1261 934 1329 καὶτῶν
957 1269 1082 1329 λοιπῶν
1105 1266 1212 1347 Χίων,

205 1361 259 1435 οἷα
278 1371 319 1454 δή
338 1367 574 1453 κεκακωμένων
592 1368 628 1434 έκ
645 1377 702 1452 τῆς
715 1373 907 1454 ναυμαχίης,
927 1369 944 1435 ὁ
959 1367 1110 1446 Ἱστιαῖος
1123 1373 1212 1454 ἔχων

204 1478 283 1553 τοὺς
296 1478 461 1560 Λεσβίους
475 1474 682 1559 ἐπεκράτησε,
697 1474 732 1540 ἐκ
746 1479 913 1560 Πολίχνης
926 1485 983 1559 τῆς
996 1478 1089 1540 Χίων
1102 1474 1212 1560 ὁρμώ-

151 1595 186 1644 27
205 1605 312 1666 μενος.
357 1579 464 1666 φιλέει
496 1579 535 1646 δέ
563 1604 628 1657 κως
656 1584 909 1665 προσημαίνειν,
940 1576 1007 1646 εὖτ’
1037 1579 1080 1646 άν
1106 1579 1211 1666 μέλλῃ

204 1689 328 1773 μεγάλα
350 1688 433 1752 κακά
454 1685 475 1770 ή
498 1689 574 1752 πόλι
596 1685 617 1770 ή
641 1689 735 1752 ἔθνεϊ
756 1689 906 1752 ἔσεσθαι·
933 1684 988 1752 καί
1010 1687 1073 1771 γάρ
1097 1690 1211 1752 Χίοισι

204 1795 269 1878 πρὸ
295 1795 423 1858 τούτων
450 1796 572 1878 σημήια
599 1793 723 1877 μεγάλα
750 1790 889 1875 ἐγένετο.
933 1801 1031 1858 τοῦτο
1059 1791 1120 1876 μέν
1148 1809 1211 1877 σφι

204 1898 350 1984 πέμψασι
369 1899 403 1977 ές
417 1902 574 1984 Δελφοὺς
591 1901 692 1984 χορὸν
706 1896 867 1982 νεηνιέων
882 1895 998 1964 ἑκατὸν
1013 1898 1074 1964 δύο
1089 1906 1211 1982 μοῦνοι

204 2007 332 2071 τούτων
354 2005 591 2089 ἀπενόστησαν,
613 2006 692 2080 τοὺς
714 1998 752 2069 δέ
774 2003 858 2068 ὀκτώ
880 2027 916 2068 τε
938 2001 993 2068 καὶ
1012 2003 1211 2086 ἐνενήκοντα

206 2111 317 2176 αὐτῶν
348 2113 462 2196 λοιμὸς
490 2111 669 2194 ὑπολαβὼν
702 2109 869 2192 ἀπήνεικε·
905 2117 1003 2174 τοῦτο
1033 2104 1071 2175 δέ
1102 2109 1139 2176 ἐν
1169 2119 1211 2196 τῇ
1312 2163 1313 2183 ,

204 2218 282 2280 πόλι
309 2217 367 2304 τὸν
395 2217 497 2281 αι’νιὸν
518 2225 639 2280 τοῦτον
661 2216 799 2299 χρόνον,
827 2213 940 2296 ὀλίγον
963 2215 1027 2300 πρὸ
1049 2225 1108 2298 τῆς
1129 2240 1211 2281 ναυ·

206 2324 333 2405 μαχίης,
347 2319 441 2386 παισί
453 2321 625 2404 γράμματα
640 2319 907 2404 διδασκομένοισι
921 2319 1052 2386 ἐνέπεσε
1065 2321 1086 2402 ή
1099 2321 1210 2405 στέγη,
1311 2343 1312 2406 χ

206 2427 289 2490 ὥστε
307 2421 361 2490 ἀπ’
383 2425 499 2490 ἑκατὸν
517 2423 571 2489 καί
589 2431 693 2490 είκοσι
710 2427 839 2490 παίδων
854 2417 900 2502 εἷς
913 2433 1038 2509 μοῦνος
1051 2425 1209 2511 ἀπέφυγε.

204 2539 307 2596 ταῦτα
329 2530 390 2614 μέν
412 2547 474 2615 σφι
492 2533 614 2614 σημήια
632 2530 650 2598 ὁ
668 2532 748 2608 θεὸς
765 2530 930 2614 προέδεξε,
954 2532 1033 2615 μετά
1052 2527 1089 2597 δὲ
1107 2541 1210 2597 ταῦτα

204 2636 226 2721 ή
248 2640 412 2722 ναυμαχίη
435 2636 648 2720 ὑπολαβοῦσα
672 2636 705 2714 ἐς
726 2639 810 2720 γόνυ
830 2637 891 2720 τήν
909 2639 1007 2702 πόλιν
1025 2639 1133 2721 έβαλε,
1158 2638 1211 2704 ἐπὶ
1309 2653 1310 2686 ¹

206 2741 243 2809 δέ
275 2752 313 2828 τῇ
344 2745 508 2829 ναυμαχίῃ
541 2741 709 2826 ἐπεγένετο
732 2740 883 2819 Ἱστιαῖος
910 2745 1074 2826 Λεσβίους
1104 2744 1211 2827 άμων·

205 2848 441 2934 κεκακωμένων
456 2845 493 2914 δὲ
505 2859 572 2912 τῶν
582 2852 674 2914 Χίων
688 2848 919 2933 καταστροφήν
930 2846 1088 2924 εὐπετέως
1098 2849 1211 2914 αὐτῶν
1228 2861 1232 2868 ’

151 2967 187 3018 28
206 2956 390 3040 ἐποιήσατο.
439 2941 596 3020 ἐνθεῦτεν
626 2950 663 3019 δὲ
694 2952 713 3020 δ
741 2949 892 3028 Ἱστιαῖος
918 2951 1129 3037 ἐστρατεύετο
1157 2953 1211 3022 ἐπὶ

206 3063 318 3128 Θάσον
345 3062 435 3145 άγων
460 3058 581 3125 Ἰώνων
608 3057 663 3124 καὶ
684 3058 835 3125 Λίολέων
862 3060 1013 3143 συχνούς.
1057 3081 1211 3145 κερικατρ

205 3166 316 3254 ημένφ
341 3165 380 3231 δέ
401 3168 436 3231 οί
451 3167 562 3231 Θάσον
585 3161 669 3248 ήλθε
692 3164 824 3247 ἀγγελίη
844 3164 888 3241 ὡς
906 3164 942 3229 οί
959 3167 1112 3242 Φοίνικες
1130 3165 1211 3230 ἀνα·

206 3270 343 3338 πλέουσι
361 3270 397 3336 ἐκ
414 3280 471 3355 τῆς
488 3273 642 3353 Μιλήτου
660 3268 713 3336 ἐπὶ
730 3271 791 3352 τήν
810 3271 913 3352 άλλην
927 3263 1066 3353 Ἰωνίην.
1101 3273 1211 3338 τιυδό-
1305 3311 1307 3344 ;

206 3400 306 3464 μενος
333 3372 370 3441 δέ
398 3385 499 3441 ταῦτα
522 3377 633 3442 Θάσον
660 3371 720 3458 μὲν
747 3375 940 3458 ἀπόρθητον
962 3378 1080 3458 λείπει,
1109 3377 1211 3454 αὐτὸς

206 3481 245 3547 δὲ
263 3482 298 3562 ἐς
321 3482 383 3564 τήν
401 3479 533 3564 Λέσβον
555 3481 703 3564 ήπείμετο
727 3481 819 3563 άγων
835 3490 945 3546 πᾶσαν
963 3481 1024 3566 τήν
1042 3486 1209 3566 στρατιήν.
