2678 3968
195 235 259 298 248
607 233 793 290 HERODOTI

195 379 323 444 τούτων
346 376 590 462 περιγενέσθαι,
613 386 659 465 τῷ
683 379 810 461 οὔνομα
833 373 917 443 εἷναι
939 380 1120 460 Παντίτην·
1144 400 1201 442 νο·

196 485 362 566 στήσαντα
382 480 418 549 δὲ
436 493 556 549 τοῦτον
575 483 608 561 ές
627 484 795 569 Σπάρτην,
820 477 864 560 ὡς
881 483 1034 568 ἠτίμωτο,
1058 480 1200 565 ἀπάγξα·
1321 479 1324 538 3

144 595 295 654 233σδαι.
341 589 376 655 οί
398 585 435 655 δέ
459 593 610 674 Θηβαῖοι,
638 601 704 654 τῶν
728 589 745 653 δ
770 589 973 672 Λεοντιάδης
996 589 1199 674 ἐστρατήγεε,

196 694 276 772 τέως
310 692 371 780 μέν
403 697 482 780 μετά
513 706 580 760 τῶν
607 693 775 779 Ἑλλήνων
808 695 917 771 ἐόντες
948 693 1107 778 ἐμάχοντο
1139 693 1196 758 ὑπ’

198 801 375 885 ἀναγκαίης
402 801 551 886 ἐχόμενοι
578 803 661 886 πρὸς
686 803 747 884 τήν
777 799 927 884 βασιλέος
954 803 1122 886 στρατιήν·
1155 801 1199 876 ὡς
1314 879 1324 906 .

199 905 236 973 δὲ
260 902 351 973 εἶδον
372 905 594 992 κατυπέρτερα
616 918 683 972 τῶν
706 905 865 992 Περσέων
886 909 1043 990 γινόμενα
1060 908 1101 971 τὰ
1118 910 1199 992 πρή-
1319 917 1324 948 λ

197 1036 317 1096 γματα,
343 1013 428 1078 οὕτω
453 1014 509 1096 δή,
532 1024 599 1078 τῶν
622 1016 686 1078 σὺν
708 1014 861 1098 Λεωνίδη
880 1009 1048 1096 Ἑλλήνων
1074 1011 1199 1096 έπειγο-
1323 1021 1324 1050 ¹

197 1117 308 1204 μένων
331 1116 383 1184 ἐπὶ
404 1119 464 1184 τὸν
482 1121 648 1202 κολωνόν,
672 1117 928 1203 ἀποσχισθέντες
945 1119 1073 1184 τούτων
1085 1119 1200 1202 χεῖράς
1323 1149 1324 1202 3

197 1249 232 1291 τε
245 1223 438 1310 προέτεινον
451 1223 506 1289 καὶ
523 1227 622 1307 ήισαν
641 1219 745 1290 ἆσσον
760 1235 828 1290 τῶν
841 1225 1029 1310 βαρβάρων,
1048 1222 1200 1307 λέγοντες
1323 1217 1324 1262 ³

197 1333 256 1397 τὸν
277 1330 502 1414 ἀληθέστατον
520 1341 587 1395 τῶν
606 1333 726 1414 λόγων,
745 1331 789 1406 ὡς
806 1328 860 1396 καὶ
874 1332 1047 1415 μηδίζουσι
1064 1328 1118 1395 καὶ
1137 1339 1201 1413 γῆν

198 1461 232 1503 τε
269 1434 323 1503 καὶ
354 1437 446 1520 ὕδωρ
477 1435 513 1500 έυ
544 1437 704 1520 πρώτοισι
736 1438 856 1502 ἔδοσαν
888 1435 1029 1520 βασιλέϊ,
1065 1435 1130 1502 ὑπὸ
1163 1434 1200 1501 δὲ
1323 1429 1324 1432 “

198 1544 377 1626 ἀναγκαίης
401 1541 550 1626 ἐχόμενοι
578 1541 610 1618 ές
634 1543 848 1627 Θερμοπύλας
875 1542 1043 1607 ἀπικοίατο
1066 1541 1121 1608 καὶ
1144 1541 1199 1607 ἀν-

198 1652 297 1714 αίτιοι
320 1644 386 1714 εἷεν
408 1656 469 1714 τοῦ
490 1649 658 1734 τρώματος
675 1657 735 1714 τοῦ
753 1650 928 1731 γεγονότος
946 1646 1080 1731 βασιλέϊ.
1117 1649 1199 1713 ὥστε
1323 1665 1324 1672 ’

122 1812 124 1816 ,
198 1763 300 1821 ταῦτα
331 1752 482 1838 λέγοντες
514 1757 753 1837 περιεγίνοντο·
785 1749 875 1838 εἶχον
903 1755 966 1840 γάρ
993 1751 1048 1820 καὶ
1076 1757 1198 1820 Θεσσα-

199 1863 277 1938 λοὺς
303 1861 431 1926 τούτων
458 1871 525 1926 τῶν
548 1863 657 1944 λόγων
680 1861 854 1946 μάρτυρας.
900 1860 941 1926 ού
967 1858 1079 1944 μέντοι
1101 1861 1141 1924 τά
1164 1883 1200 1943 γε
1312 1879 1324 1907 ⁴

121 1999 124 2002 ·
199 1969 304 2034 πάντα
327 1967 526 2052 εὐτύχησαν·
549 1967 593 2043 δις
615 1967 678 2052 γάρ
702 1967 823 2042 αὐτοὺς
846 1969 966 2048 ἔλαβον
984 1965 1019 2030 οί
1038 1966 1201 2051 βάρβαροι

199 2075 373 2156 ἐλθόντας,
397 2075 475 2149 τοὺς
503 2070 563 2156 μέν
586 2095 678 2148 τινας
700 2070 755 2137 καὶ
777 2069 970 2136 ἀπέκτειναν
992 2075 1200 2157 προσιόντας,

121 2201 124 2206 ’
198 2181 276 2255 τοὺς
308 2174 344 2244 δέ
371 2183 514 2255 πλεῦνας
542 2178 651 2243 αὐτῶν
679 2179 894 2254 κελεύσαντος
920 2176 1046 2262 Ξέρξεω
1075 2181 1201 2257 ἔστιζον

199 2286 357 2366 στίγματα
371 2286 535 2366 βασιλήια,
554 2281 731 2368 ἀρξάμενοι
744 2283 806 2348 ἀπὸ
821 2292 881 2348 τοῦ
899 2293 1083 2368 στρατηγοῦ
1096 2288 1200 2350 Λεον-

198 2388 332 2468 τιάδεω,
364 2397 424 2453 τοῦ
451 2389 509 2452 τὸυ
541 2389 642 2453 παῖδα
669 2389 870 2474 Εὐρύμαχον
897 2393 1005 2478 χρόνῳ
1033 2389 1201 2474 μετέπειτα

199 2493 385 2580 ἐφόνευσαν
405 2491 584 2571 Πλαταιέες
606 2497 875 2579 στρατηγήσαντα
893 2496 1025 2581 ἀνδρῶν
1045 2498 1201 2580 Θηβαίων

198 2602 418 2684 τετρακοσίων
440 2597 495 2664 καί
518 2601 639 2683 σχόντα
660 2601 698 2665 τὸ
722 2602 803 2666 ἀστυ
826 2603 863 2666 τὸ
888 2599 1090 2668 Πλαταιέων.

146 2721 199 2771 234
289 2705 333 2772 Οί
353 2702 413 2789 μὲν
437 2705 477 2787 δή
500 2703 575 2790 περὶ
599 2707 814 2790 Θερμοπύλας
828 2704 985 2789 Ἕλληνες
1008 2707 1093 2773 ούτω
1115 2709 1201 2792 ήγω-

199 2816 348 2896 νίσαντο,
372 2809 495 2897 Ξέρξης
519 2807 556 2877 δὲ
578 2810 717 2888 καλέσας
738 2813 941 2898 Δημάρητον
965 2814 1083 2898 εἰρώτα
1105 2813 1200 2898 ἀρξά-
1314 2880 1324 2906 ‹

199 2943 298 3004 μενος
325 2915 478 2984 ἐνθένδε·
506 2918 694 3002 Δημάρητε,
719 2917 802 3001 ἀνήρ
824 2912 872 2996 εἷς
887 2917 1029 3002 ἀγαθός.
1074 2922 1202 3004 τεκμαί-
1323 2989 1324 2998 χ

200 3048 299 3110 ρομαι
327 3020 363 3090 δέ
389 3031 429 3108 τή
453 3023 606 3109 ἀληθείη·
637 3023 698 3089 ὅσα
720 3024 783 3108 γάρ
806 3019 911 3107 εἶπας,
942 3025 1069 3090 ἅπαντα
1097 3023 1201 3108 ἀπέβη
1323 3019 1324 3030 ’

201 3130 296 3195 ούτω.
341 3137 404 3195 νῦν
438 3127 478 3195 δέ
501 3153 558 3214 μοι
585 3129 669 3211 εἰπέ,
702 3130 795 3194 κόσοι
822 3128 909 3206 τινές
940 3132 1004 3195 εἰσι
1031 3131 1066 3196 οί
1092 3128 1201 3196 λοιποὶ

172 3307 174 3312 ,
201 3236 473 3319 Λακεδαιμόνιοι,
500 3233 556 3300 καὶ
582 3235 710 3300 τούτων
738 3233 852 3300 ὁκόσοι
878 3238 1085 3302 τοιοῦτοιτὰ
1107 3236 1201 3302 πολέ,

200 3364 268 3424 μια,
291 3345 354 3404 είτε
377 3339 432 3406 καὶ
456 3341 603 3417 ἀπαντες.
643 3339 662 3405 ὁ
685 3336 722 3404 δὲ
745 3334 826 3405 εἶπε·
844 3330 883 3405 Ὦ
903 3345 1049 3424 βασιλεῦ,
1072 3347 1202 3425 πλῆθος

202 3442 261 3524 μὲν
292 3445 416 3510 πολλὸν
445 3445 579 3509 πάντων
610 3454 677 3510 τῶν
704 3446 977 3529 Λακεδαιμονίων
1007 3445 1063 3512 καὶ
1090 3451 1202 3526 πόλιες
