2678 3968
388 239 454 295 ΜΒ.
469 240 542 295 VIII.
580 241 831 297 omme-109.
1055 243 1117 307 3ολ

116 385 196 449 κατὰ
222 385 334 470 χώρην
362 383 504 470 μένοντα
531 386 590 450 τὸν
618 387 758 471 στρατὸν
781 387 840 451 τὸν
862 388 960 464 πεζὸν
983 389 1119 470 ἤλπιζον

116 487 169 555 καλ
195 490 253 568 τὰς
274 489 352 568 νέας
373 485 460 557 εἶναι
481 488 556 576 περὶ
581 489 754 576 Φύληρον,
778 491 913 557 ἐδόκεόν
935 515 970 557 τε
994 517 1119 577 ναυμα-

116 597 228 680 χήσειν
256 594 360 680 σφέας
388 596 613 684 παραρτέοντό
634 619 669 661 τε
697 597 742 673 ὡς
768 595 1008 682 ἀλεξησόμενοι.
1050 597 1120 665 ἐπεὶ

118 699 153 767 δέ
180 701 345 768 ἐπύθοντο
374 704 432 780 τὰς
461 702 538 780 νέας
561 704 749 787 οἰχωκυίας,
779 703 895 767 αὐτίκα
918 705 997 788 μετὰ
1019 714 1120 770 ταῦτα

117 807 225 874 ἐδόκεε
249 809 444 874 ἐπιδιώκειν.
481 810 540 874 τὸν
563 807 624 893 μέν
646 832 710 873 νυν
732 809 891 874 ναυτικὸν
913 810 973 873 τὸν
993 808 1120 894 Ξέρξεω

117 915 256 999 στρατὸν
284 915 345 980 οὐκ
367 912 504 981 ’ἐπεῖδον
528 913 703 993 διώξαντες
726 913 819 1000 μέχρι
842 913 1004 1001 Ἄνδρου,
1028 915 1061 992 ἐς
1084 913 1121 980 δὲ

116 1018 327 1106 τῆν”Ανδρον
341 1021 534 1106 ἀπικόμενοι
548 1021 775 1104 ἐβουλεύοντο.
809 1019 1047 1105 Θεμιστοκλέης
1061 1020 1121 1104 μέν

117 1149 181 1190 νον
202 1127 340 1211 γνώμην
362 1127 577 1192 ἀπεδείκνυτο
606 1128 661 1192 διδ
683 1129 796 1210 νήσων
819 1126 1046 1212 τραπομένους
1068 1127 1121 1192 καὶ

118 1231 352 1310 ἐπιδιώξαντας
383 1235 441 1310 τὰς
467 1231 544 1310 νέας
573 1231 684 1298 πλέειν
718 1231 818 1308 ίθέως
849 1230 901 1297 ἐπὶ
928 1233 988 1298 τὸν
1010 1229 1121 1316 Ἑλλή-

117 1352 262 1402 σποντον
289 1339 452 1416 λύσοντας
478 1340 536 1416 τύς
562 1340 724 1425 γεφύρας·
756 1339 970 1422 Εὐρυβιάδης
998 1335 1035 1403 δὲ
1061 1340 1121 1422 την

118 1441 272 1526 ἐναντίην
295 1445 397 1530 ταύτη
419 1445 556 1529 γνώμην
579 1445 718 1525 ἐτίθετο,
743 1443 849 1528 λέγων
872 1445 917 1521 ώς
935 1446 966 1509 εί
981 1444 1122 1508 λύσουσι

116 1549 174 1624 τὰς
201 1551 346 1633 σχεδίας,
374 1545 463 1615 τοῦτ’
489 1549 531 1614 δν
554 1549 710 1634 μέγιστον
737 1551 871 1615 πάντων
898 1559 993 1634 σφεῖς
1019 1549 1121 1614 κακὸν

117 1653 178 1736 την
205 1649 346 1720 Ἑλλάδα
374 1655 578 1740 ἐργασαίατο.
629 1658 661 1720 εί
691 1657 754 1741 γὰρ
787 1656 1011 1741 ἀναγκασθείη
1043 1654 1122 1720 ίιπο-

118 1758 284 1844 λαμφθεὶς
312 1759 330 1825 δ
353 1759 486 1844 Πέρσης
517 1759 629 1845 μένειν
660 1760 697 1826 ἐν
723 1769 762 1846 τῇ
790 1761 953 1846 Εὐρώπη,
980 1768 1121 1847 πειρῷτο

118 1864 161 1929 διν
182 1865 323 1950 ἡσυχίην
346 1865 390 1950 μὴ
414 1867 518 1949 ἄγειν,
542 1867 586 1942 ὡς
608 1867 724 1950 ἄγοντι
746 1865 807 1951 μέν
831 1868 866 1931 οί
885 1867 1027 1950 ἡσυχίην
1046 1866 1121 1930 οὐτε

116 1993 151 2034 τι
172 1969 375 2056 προχωρέειν
399 1962 529 2037 οἷόντε
552 1975 643 2037 ἔσται
660 1983 727 2036 τῶν
749 1973 951 2057 πρηγμάτων
975 1971 1050 2036 οὐτε
1073 1994 1122 2047 τις

118 2077 238 2160 κομιδὴ
260 2077 298 2142 τὸ
317 2076 422 2141 ὀπίσω
441 2079 634 2160 φανήσεται,
653 2082 736 2165 λιμῷ
755 2077 792 2142 τέ
809 2077 880 2161 οίη
899 2078 1033 2163 στρατιὴ
1052 2077 1122 2141 δια-

119 2179 312 2266 φθερέεται,
344 2180 558 2268 ἐπιχειρέοντι
586 2179 623 2248 δέ
650 2183 738 2272 αὐτῷ
766 2181 822 2248 καλ
849 2185 949 2269 ἔργον
978 2181 1121 2271 ἐχομένη

118 2284 226 2352 πάντα
243 2289 283 2352 τολ
296 2289 377 2353 κατα
394 2290 455 2372 τὴν
469 2288 637 2374 Εὐρώπην
656 2279 710 2354 οἷοί
727 2313 762 2354 τε
781 2291 871 2354 ἔσται
889 2295 1122 2374 προσχωρῆσαι

118 2393 202 2457 κατὰ
223 2395 317 2470 πόλις
339 2417 374 2458 τε
395 2391 451 2458 καὶ
472 2394 554 2458 κατὰ
577 2397 689 2478 ἔθνεα,
711 2396 785 2478 ητοι
803 2393 1028 2480 ἁλισκομένων
1046 2419 1082 2478 γε
1101 2396 1121 2479 τ’)

116 2500 185 2584 πρὸ
211 2499 332 2564 τούτου
355 2499 617 2585 ὁμολογεόντων·
638 2503 769 2586 τροφήν
786 2523 821 2566 τε
839 2499 924 2580 ἕξειν
943 2499 1046 2584 σφέας
1063 2501 1117 2566 τὸν

118 2602 267 2670 ἐπέτειον
290 2603 354 2672 αίεὶ
375 2607 434 2671 τὸν
448 2602 616 2689 Ἑλλήνων
638 2609 774 2690 καρπόν.
811 2606 894 2670 ἀλλὰ
913 2605 1040 2671 δοκέειν
1058 2607 1121 2689 γὰρ

117 2709 302 2795 νικηθέντα
323 2719 362 2796 τῇ
384 2714 549 2797 ναυμαχίη
573 2711 614 2776 οὐ
636 2711 765 2796 μενέειν
788 2711 825 2776 ἐν
842 2720 881 2796 τη
900 2711 1045 2796 Εὐρώπη
1063 2711 1122 2775 τὸν

111 2815 269 2902 Πέρσην·
293 2815 406 2883 ἐατέον
430 2813 477 2882 ὧν
500 2811 586 2881 εἶναι
610 2818 758 2900 φεύγειν,
782 2815 815 2891 ἐς
839 2814 856 2880 δ
880 2817 963 2898 ἐλθη
987 2815 1124 2898 φεύγων

117 2922 154 2999 ές
176 2924 238 3007 τὴν
256 2921 394 2988 ἑωυτοῦ·
418 2923 455 2986 τὸ
474 2921 630 2987 ἐνθεῦτεν
650 2918 686 2986 δέ
703 2919 779 3006 περὶ
796 2929 854 3004 τῆς
872 2919 1000 2984 ἐκείνου
1018 2917 1123 2984 ποιέε·

117 3035 204 3093 σθαι
225 3029 289 3112 ἥδη
312 3028 371 3093 τὸν
394 3027 506 3111 ἀγῶνα
529 3025 665 3092 ἐκέλευε.
710 3027 832 3109 ταύτης
855 3021 892 3089 δὲ
915 3030 1042 3108 είχοντο
1066 3033 1123 3108 τῆς

117 3135 254 3219 γνώμης
276 3131 331 3198 καὶ
353 3135 637 3215 Πελοποννησίων
658 3142 726 3196 τῶν
748 3132 858 3196 ὐίλλων
882 3131 917 3195 οί
936 3133 1121 3216 στρατηγοί.

118 3239 166 3315 ὡς
189 3237 226 3304 δέ
249 3241 351 3323 ἔμαθε
374 3239 424 3304 ὅτι
448 3238 489 3304 οὐ
510 3241 615 3302 πείσει
636 3237 715 3312 τούς
732 3260 769 3320 γε
787 3237 931 3312 πολλοὺς
952 3233 1063 3300 πλέειν
1082 3235 1114 3313 ἐς
1126 3254 1175 3304 109

114 3346 180 3410 τὸν
207 3341 450 3428 Ἑλλήσποντον
483 3343 501 3410 δ
534 3340 784 3428 Θεμιστοκλέης,
817 3341 1009 3426 μεταβαλὼν
1040 3342 1123 3427 πρὸς

115 3452 200 3526 τοὺς
230 3447 428 3533 Ἀθηναιόυς
458 3443 569 3535 (οὗτοι
603 3449 666 3534 γὰρ
701 3447 839 3532 μάλιστα
874 3446 1123 3532 ἐκπεφευγότων
