<?xml version="1.0" encoding="UTF-8"?>
<!DOCTYPE html PUBLIC "-//W3C//DTD XHTML 1.0 Transitional//EN"
    "http://www.w3.org/TR/xhtml1/DTD/xhtml1-transitional.dtd">
<html xmlns="http://www.w3.org/1999/xhtml" xml:lang="en" lang="en">
 <head>
  <title>
</title>
<meta http-equiv="Content-Type" content="text/html;charset=utf-8" />
  <meta name='ocr-system' content='tesseract 3.04.00' />
  <meta name='ocr-capabilities' content='ocr_page ocr_carea ocr_par ocr_line ocrx_word'/>
</head>
<body>
  <div class='ocr_page' id='page_1' title='image "./herodotihistori07herogoog_0393.png"; bbox 0 0 2632 3970; ppageno 0'>
   <div class='ocr_carea' id='block_1_1' title="bbox 200 275 800 344">
    <p class='ocr_par' dir='ltr' id='par_1_1' title="bbox 200 275 800 344">
     <span class='ocr_line' id='line_1_1' title="bbox 200 275 800 344; baseline -0.005 -11"><span class='ocrx_word' id='word_1_1' title='bbox 200 279 267 344; x_wconf 80' lang='lat'><strong><em>336</em></strong></span> <span class='ocrx_word' id='word_1_2' title='bbox 613 275 800 331; x_wconf 79' lang='lat' dir='ltr'>HERODOTI</span> 
     </span>
    </p>
   </div>
   <div class='ocr_carea' id='block_1_2' title="bbox 152 414 1297 1876">
    <p class='ocr_par' dir='ltr' id='par_1_2' title="bbox 200 414 1297 1454">
     <span class='ocr_line' id='line_1_2' title="bbox 200 414 1205 507; baseline -0.007 -20"><span class='ocrx_word' id='word_1_3' title='bbox 200 423 415 507; x_wconf 80' lang='grc' dir='ltr'><strong><em>ἡγεμονεύειν</em></strong></span> <span class='ocrx_word' id='word_1_4' title='bbox 437 431 550 506; x_wconf 93' lang='grc' dir='ltr'><strong><em>κοινῆς</em></strong></span> <span class='ocrx_word' id='word_1_5' title='bbox 573 420 689 501; x_wconf 78' lang='grc' dir='ltr'><strong><em>ἐξόδου</em></strong></span> <span class='ocrx_word' id='word_1_6' title='bbox 711 417 896 504; x_wconf 88' lang='grc' dir='ltr'><strong><em>γινομένης.</em></strong></span> <span class='ocrx_word' id='word_1_7' title='bbox 942 418 1021 502; x_wconf 82' lang='grc' dir='ltr'><strong><em>ὑμῖν</em></strong></span> <span class='ocrx_word' id='word_1_8' title='bbox 1044 414 1105 501; x_wconf 85' lang='grc' dir='ltr'><strong><em>μέν</em></strong></span> <span class='ocrx_word' id='word_1_9' title='bbox 1128 441 1205 497; x_wconf 90' lang='grc' dir='ltr'><strong><em>νυν,</em></strong></span> 
     </span>
     <span class='ocr_line' id='line_1_3' title="bbox 201 523 1206 613; baseline -0.008 -20"><span class='ocrx_word' id='word_1_10' title='bbox 201 525 506 613; x_wconf 82' lang='grc' dir='ltr'><strong><em>ὧΛακεδαιμόνιοι,</em></strong></span> <span class='ocrx_word' id='word_1_11' title='bbox 526 528 587 593; x_wconf 90' lang='grc' dir='ltr'><strong><em>ούκ</em></strong></span> <span class='ocrx_word' id='word_1_12' title='bbox 601 525 813 609; x_wconf 81' lang='grc' dir='ltr'><strong><em>ἀντιεύμεθα,</em></strong></span> <span class='ocrx_word' id='word_1_13' title='bbox 827 525 909 589; x_wconf 92' lang='grc' dir='ltr'><strong><em>ἀλλά</em></strong></span> <span class='ocrx_word' id='word_1_14' title='bbox 919 524 1067 598; x_wconf 89' lang='grc' dir='ltr'><strong><em>διδόντες</em></strong></span> <span class='ocrx_word' id='word_1_15' title='bbox 1077 523 1206 606; x_wconf 84' lang='grc' dir='ltr'><strong><em>αἵρεσιν</em></strong></span> 
     </span>
     <span class='ocr_line' id='line_1_4' title="bbox 202 625 1207 718; baseline -0.008 -18"><span class='ocrx_word' id='word_1_16' title='bbox 202 633 360 718; x_wconf 80' lang='grc' dir='ltr'><strong><em>ὁκοτέρου</em></strong></span> <span class='ocrx_word' id='word_1_17' title='bbox 373 635 537 716; x_wconf 82' lang='grc' dir='ltr'><strong><em>βούλεσθε</em></strong></span> <span class='ocrx_word' id='word_1_18' title='bbox 555 631 667 713; x_wconf 80' lang='grc' dir='ltr'><strong><em>κέρεος</em></strong></span> <span class='ocrx_word' id='word_1_19' title='bbox 684 632 797 715; x_wconf 79' lang='grc' dir='ltr'><strong><em>ἀρχειν</em></strong></span> <span class='ocrx_word' id='word_1_20' title='bbox 815 634 987 715; x_wconf 89' lang='grc' dir='ltr'><strong><em>παρίεμεν·</em></strong></span> <span class='ocrx_word' id='word_1_21' title='bbox 1006 638 1066 693; x_wconf 90' lang='grc' dir='ltr'><strong><em>τοῦ</em></strong></span> <span class='ocrx_word' id='word_1_22' title='bbox 1085 625 1122 693; x_wconf 73' lang='grc' dir='ltr'><strong><em>δέ</em></strong></span> <span class='ocrx_word' id='word_1_23' title='bbox 1141 627 1207 693; x_wconf 88' lang='grc' dir='ltr'><strong><em>έτέ-</em></strong></span> 
     </span>
     <span class='ocr_line' id='line_1_5' title="bbox 201 733 1205 825; baseline -0.008 -20"><span class='ocrx_word' id='word_1_24' title='bbox 201 764 266 825; x_wconf 93' lang='grc' dir='ltr'><strong><em>ρον</em></strong></span> <span class='ocrx_word' id='word_1_25' title='bbox 281 735 389 823; x_wconf 73' lang='grc' dir='ltr'><strong><em>φαμὲν</em></strong></span> <span class='ocrx_word' id='word_1_26' title='bbox 407 737 508 823; x_wconf 90' lang='grc' dir='ltr'><strong><em>ἡμέας</em></strong></span> <span class='ocrx_word' id='word_1_27' title='bbox 522 737 691 803; x_wconf 84' lang='grc' dir='ltr'><strong><em>ίκνέεσθαι</em></strong></span> <span class='ocrx_word' id='word_1_28' title='bbox 704 735 919 819; x_wconf 74' lang='grc' dir='ltr'><strong><em>ἡγεμονεύειν</em></strong></span> <span class='ocrx_word' id='word_1_29' title='bbox 937 735 1018 800; x_wconf 89' lang='grc' dir='ltr'><strong><em>κατά</em></strong></span> <span class='ocrx_word' id='word_1_30' title='bbox 1033 755 1094 819; x_wconf 92' lang='grc' dir='ltr'><strong><em>περ</em></strong></span> <span class='ocrx_word' id='word_1_31' title='bbox 1109 733 1146 798; x_wconf 90' lang='grc' dir='ltr'><strong><em>έν</em></strong></span> <span class='ocrx_word' id='word_1_32' title='bbox 1160 741 1205 820; x_wconf 74' lang='grc' dir='ltr'><strong><em>τῷ</em></strong></span> 
     </span>
     <span class='ocr_line' id='line_1_6' title="bbox 204 839 1297 929; baseline -0.005 -20"><span class='ocrx_word' id='word_1_33' title='bbox 204 847 332 928; x_wconf 79' lang='grc' dir='ltr'><strong><em>πρόσθε</em></strong></span> <span class='ocrx_word' id='word_1_34' title='bbox 351 847 469 929; x_wconf 80' lang='grc' dir='ltr'><strong><em>χρόνῳ.</em></strong></span> <span class='ocrx_word' id='word_1_35' title='bbox 500 846 600 928; x_wconf 79' lang='grc' dir='ltr'><strong><em>χωρίς</em></strong></span> <span class='ocrx_word' id='word_1_36' title='bbox 613 866 648 907; x_wconf 91' lang='grc' dir='ltr'><strong><em>τε</em></strong></span> <span class='ocrx_word' id='word_1_37' title='bbox 665 843 785 907; x_wconf 90' lang='grc' dir='ltr'><strong><em>τούτου</em></strong></span> <span class='ocrx_word' id='word_1_38' title='bbox 799 850 860 906; x_wconf 86' lang='grc' dir='ltr'><strong><em>τοῦ</em></strong></span> <span class='ocrx_word' id='word_1_39' title='bbox 874 839 1087 925; x_wconf 81' lang='grc' dir='ltr'><strong><em>ἀπηγημένου</em></strong></span> <span class='ocrx_word' id='word_1_40' title='bbox 1106 842 1208 924; x_wconf 82' lang='grc' dir='ltr'><strong><em>ἔργον</em></strong></span> <span class='ocrx_word' id='word_1_41' title='bbox 1296 879 1297 894; x_wconf 55' lang='grc' dir='ltr'><strong><em>ι</em></strong></span> 
     </span>
     <span class='ocr_line' id='line_1_7' title="bbox 203 945 1206 1034; baseline -0.005 -19"><span class='ocrx_word' id='word_1_42' title='bbox 203 951 444 1034; x_wconf 76' lang='grc' dir='ltr'><strong><em>ἀξιονικότεροί</em></strong></span> <span class='ocrx_word' id='word_1_43' title='bbox 464 951 554 1033; x_wconf 86' lang='grc' dir='ltr'><strong><em>είμεν</em></strong></span> <span class='ocrx_word' id='word_1_44' title='bbox 574 946 762 1031; x_wconf 81' lang='grc' dir='ltr'><strong><em>Ἀθηναίων</em></strong></span> <span class='ocrx_word' id='word_1_45' title='bbox 779 949 903 1030; x_wconf 87' lang='grc' dir='ltr'><strong><em>ταύτην</em></strong></span> <span class='ocrx_word' id='word_1_46' title='bbox 920 948 981 1031; x_wconf 87' lang='grc' dir='ltr'><strong><em>τήν</em></strong></span> <span class='ocrx_word' id='word_1_47' title='bbox 998 945 1091 1024; x_wconf 79' lang='grc' dir='ltr'><strong><em>τάξιν</em></strong></span> <span class='ocrx_word' id='word_1_48' title='bbox 1111 949 1206 1030; x_wconf 78' lang='grc' dir='ltr'><strong><em>ἔχειν.</em></strong></span> 
     </span>
     <span class='ocr_line' id='line_1_8' title="bbox 203 1037 1297 1137; baseline -0.003 -18"><span class='ocrx_word' id='word_1_49' title='bbox 203 1051 321 1120; x_wconf 82' lang='grc' dir='ltr'><strong><em>πολλοὶ</em></strong></span> <span class='ocrx_word' id='word_1_50' title='bbox 338 1049 399 1135; x_wconf 70' lang='grc' dir='ltr'><strong><em>μὲν</em></strong></span> <span class='ocrx_word' id='word_1_51' title='bbox 416 1053 480 1137; x_wconf 90' lang='grc' dir='ltr'><strong><em>γάρ</em></strong></span> <span class='ocrx_word' id='word_1_52' title='bbox 498 1051 554 1116; x_wconf 78' lang='grc' dir='ltr'><strong><em>καὶ</em></strong></span> <span class='ocrx_word' id='word_1_53' title='bbox 572 1047 610 1116; x_wconf 87' lang='grc' dir='ltr'><strong><em>εὑ</em></strong></span> <span class='ocrx_word' id='word_1_54' title='bbox 625 1054 754 1136; x_wconf 80' lang='grc' dir='ltr'><strong><em>ἔχοντες</em></strong></span> <span class='ocrx_word' id='word_1_55' title='bbox 766 1051 849 1137; x_wconf 92' lang='grc' dir='ltr'><strong><em>πρὸς</em></strong></span> <span class='ocrx_word' id='word_1_56' title='bbox 863 1050 964 1135; x_wconf 88' lang='grc' dir='ltr'><strong><em>ὑμέας</em></strong></span> <span class='ocrx_word' id='word_1_57' title='bbox 977 1051 1067 1134; x_wconf 79' lang='grc' dir='ltr'><strong><em>ἡμῖν,</em></strong></span> <span class='ocrx_word' id='word_1_58' title='bbox 1087 1053 1208 1134; x_wconf 82' lang='grc' dir='ltr'><strong><em>ἀνδρες</em></strong></span> <span class='ocrx_word' id='word_1_59' title='bbox 1296 1037 1297 1040; x_wconf 17' lang='lat'>¹</span> 
     </span>
     <span class='ocr_line' id='line_1_9' title="bbox 204 1153 1208 1243; baseline -0.001 -20"><span class='ocrx_word' id='word_1_60' title='bbox 204 1164 423 1243; x_wconf 80' lang='grc' dir='ltr'><strong><em>Σπαρτιῆται,</em></strong></span> <span class='ocrx_word' id='word_1_61' title='bbox 450 1158 577 1240; x_wconf 81' lang='grc' dir='ltr'><strong><em>ἀγῶνες</em></strong></span> <span class='ocrx_word' id='word_1_62' title='bbox 605 1157 821 1240; x_wconf 83' lang='grc' dir='ltr'><strong><em>ἀγωνίδαται,</em></strong></span> <span class='ocrx_word' id='word_1_63' title='bbox 850 1155 967 1221; x_wconf 82' lang='grc' dir='ltr'><strong><em>πολλοὶ</em></strong></span> <span class='ocrx_word' id='word_1_64' title='bbox 990 1153 1027 1222; x_wconf 77' lang='grc' dir='ltr'><strong><em>δέ</em></strong></span> <span class='ocrx_word' id='word_1_65' title='bbox 1048 1155 1104 1222; x_wconf 83' lang='grc' dir='ltr'><strong><em>καὶ</em></strong></span> <span class='ocrx_word' id='word_1_66' title='bbox 1125 1159 1208 1242; x_wconf 87' lang='grc' dir='ltr'><strong><em>πρὸς</em></strong></span> 
     </span>
     <span class='ocr_line' id='line_1_10' title="bbox 204 1259 1208 1347; baseline -0.004 -17"><span class='ocrx_word' id='word_1_67' title='bbox 204 1267 335 1341; x_wconf 86' lang='grc' dir='ltr'><strong><em>ἀλλους.</em></strong></span> <span class='ocrx_word' id='word_1_68' title='bbox 371 1263 458 1328; x_wconf 78' lang='grc' dir='ltr'><strong><em>οὑτοι</em></strong></span> <span class='ocrx_word' id='word_1_69' title='bbox 481 1259 529 1328; x_wconf 83' lang='grc' dir='ltr'><strong><em>ὧν</em></strong></span> <span class='ocrx_word' id='word_1_70' title='bbox 553 1264 682 1327; x_wconf 91' lang='grc' dir='ltr'><strong><em>δίκαιον</em></strong></span> <span class='ocrx_word' id='word_1_71' title='bbox 699 1261 800 1346; x_wconf 83' lang='grc' dir='ltr'><strong><em>ἡμέας</em></strong></span> <span class='ocrx_word' id='word_1_72' title='bbox 818 1264 904 1346; x_wconf 82' lang='grc' dir='ltr'><strong><em>ἔχειν</em></strong></span> <span class='ocrx_word' id='word_1_73' title='bbox 922 1263 960 1327; x_wconf 85' lang='grc' dir='ltr'><strong><em>τὸ</em></strong></span> <span class='ocrx_word' id='word_1_74' title='bbox 979 1261 1092 1347; x_wconf 77' lang='grc' dir='ltr'><strong><em>ἕτερον</em></strong></span> <span class='ocrx_word' id='word_1_75' title='bbox 1109 1261 1208 1346; x_wconf 92' lang='grc' dir='ltr'><strong><em>κέρας</em></strong></span> 
     </span>
     <span class='ocr_line' id='line_1_11' title="bbox 204 1359 1207 1454; baseline -0.002 -21"><span class='ocrx_word' id='word_1_76' title='bbox 204 1373 226 1454; x_wconf 89' lang='grc' dir='ltr'><strong><em>ῆ</em></strong></span> <span class='ocrx_word' id='word_1_77' title='bbox 248 1391 309 1453; x_wconf 90' lang='grc' dir='ltr'><strong><em>περ</em></strong></span> <span class='ocrx_word' id='word_1_78' title='bbox 328 1365 543 1453; x_wconf 78' lang='grc' dir='ltr'><strong><em>Ἀθηναίους·</em></strong></span> <span class='ocrx_word' id='word_1_79' title='bbox 567 1369 608 1433; x_wconf 91' lang='grc' dir='ltr'><strong><em>οὐ</em></strong></span> <span class='ocrx_word' id='word_1_80' title='bbox 630 1368 693 1452; x_wconf 89' lang='grc' dir='ltr'><strong><em>γάρ</em></strong></span> <span class='ocrx_word' id='word_1_81' title='bbox 712 1371 776 1452; x_wconf 83' lang='grc' dir='ltr'><strong><em>σιγί</em></strong></span> <span class='ocrx_word' id='word_1_82' title='bbox 792 1367 860 1433; x_wconf 90' lang='grc' dir='ltr'><strong><em>ε’στι</em></strong></span> <span class='ocrx_word' id='word_1_83' title='bbox 879 1370 958 1453; x_wconf 88' lang='grc' dir='ltr'><strong><em>έργα</em></strong></span> <span class='ocrx_word' id='word_1_84' title='bbox 977 1359 1030 1432; x_wconf 85' lang='grc' dir='ltr'><strong><em>οἷά</em></strong></span> <span class='ocrx_word' id='word_1_85' title='bbox 1048 1389 1109 1452; x_wconf 88' lang='grc' dir='ltr'><strong><em>περ</em></strong></span> <span class='ocrx_word' id='word_1_86' title='bbox 1127 1367 1207 1452; x_wconf 84' lang='grc' dir='ltr'><strong><em>ἡμῖν</em></strong></span> 
     </span>
    </p>

    <p class='ocr_par' dir='ltr' id='par_1_3' title="bbox 152 1469 1208 1876">
     <span class='ocr_line' id='line_1_12' title="bbox 152 1469 1208 1559; baseline -0.003 -18"><span class='ocrx_word' id='word_1_87' title='bbox 152 1494 186 1542; x_wconf 77' lang='lat'><strong><em>27</em></strong></span> <span class='ocrx_word' id='word_1_88' title='bbox 205 1474 465 1559; x_wconf 80' lang='grc' dir='ltr'><strong><em>κατεργασμένα,</em></strong></span> <span class='ocrx_word' id='word_1_89' title='bbox 489 1469 559 1540; x_wconf 76' lang='grc' dir='ltr'><strong><em>οὔτ’</em></strong></span> <span class='ocrx_word' id='word_1_90' title='bbox 594 1470 641 1538; x_wconf 84' lang='grc' dir='ltr'><strong><em>ὧν</em></strong></span> <span class='ocrx_word' id='word_1_91' title='bbox 673 1474 770 1538; x_wconf 88' lang='grc' dir='ltr'><strong><em>καινά</em></strong></span> <span class='ocrx_word' id='word_1_92' title='bbox 802 1473 878 1538; x_wconf 88' lang='grc' dir='ltr'><strong><em>οὑτε</em></strong></span> <span class='ocrx_word' id='word_1_93' title='bbox 907 1474 1038 1538; x_wconf 89' lang='grc' dir='ltr'><strong><em>παλαιά.</em></strong></span> <span class='ocrx_word' id='word_1_94' title='bbox 1089 1473 1124 1537; x_wconf 78' lang='grc' dir='ltr'><strong><em>οἱ</em></strong></span> <span class='ocrx_word' id='word_1_95' title='bbox 1147 1470 1208 1558; x_wconf 76' lang='grc' dir='ltr'><strong><em>μὲν</em></strong></span> 
     </span>
     <span class='ocr_line' id='line_1_13' title="bbox 204 1575 1208 1664; baseline -0.003 -18"><span class='ocrx_word' id='word_1_96' title='bbox 204 1591 307 1646; x_wconf 86' lang='grc' dir='ltr'><strong><em>ταῦτα</em></strong></span> <span class='ocrx_word' id='word_1_97' title='bbox 337 1583 465 1664; x_wconf 87' lang='grc' dir='ltr'><strong><em>ἔλεγον,</em></strong></span> <span class='ocrx_word' id='word_1_98' title='bbox 490 1577 662 1662; x_wconf 81' lang='grc' dir='ltr'><strong><em>Ἀθηναῖοι</em></strong></span> <span class='ocrx_word' id='word_1_99' title='bbox 689 1575 726 1643; x_wconf 75' lang='grc' dir='ltr'><strong><em>δὲ</em></strong></span> <span class='ocrx_word' id='word_1_100' title='bbox 752 1580 835 1660; x_wconf 89' lang='grc' dir='ltr'><strong><em>πρὸς</em></strong></span> <span class='ocrx_word' id='word_1_101' title='bbox 861 1587 963 1644; x_wconf 83' lang='grc' dir='ltr'><strong><em>ταῦτα</em></strong></span> <span class='ocrx_word' id='word_1_102' title='bbox 989 1579 1208 1663; x_wconf 87' lang='grc' dir='ltr'><strong><em>ὑπεκρίναντο</em></strong></span> 
     </span>
     <span class='ocr_line' id='line_1_14' title="bbox 205 1681 1208 1769; baseline -0.003 -18"><span class='ocrx_word' id='word_1_103' title='bbox 205 1688 295 1751; x_wconf 82' lang='grc' dir='ltr'><strong><em>τάδε·</em></strong></span> <span class='ocrx_word' id='word_1_104' title='bbox 323 1681 543 1769; x_wconf 85' lang='grc' dir='ltr'><strong><em>Ἐπιστάμεθα</em></strong></span> <span class='ocrx_word' id='word_1_105' title='bbox 572 1681 633 1769; x_wconf 72' lang='grc' dir='ltr'><strong><em>μὲν</em></strong></span> <span class='ocrx_word' id='word_1_106' title='bbox 665 1685 810 1750; x_wconf 77' lang='grc' dir='ltr'><strong><em>σύνοδον</em></strong></span> <span class='ocrx_word' id='word_1_107' title='bbox 842 1685 941 1767; x_wconf 89' lang='grc' dir='ltr'><strong><em>τήνδε</em></strong></span> <span class='ocrx_word' id='word_1_108' title='bbox 969 1685 1073 1768; x_wconf 86' lang='grc' dir='ltr'><strong><em>μάχης</em></strong></span> <span class='ocrx_word' id='word_1_109' title='bbox 1099 1685 1208 1749; x_wconf 80' lang='grc' dir='ltr'><strong><em>εἵνεκα</em></strong></span> 
     </span>
     <span class='ocr_line' id='line_1_15' title="bbox 206 1787 1208 1876; baseline -0.005 -18"><span class='ocrx_word' id='word_1_110' title='bbox 206 1798 405 1875; x_wconf 78' lang='grc' dir='ltr'><strong><em>συλλεγῆναι</em></strong></span> <span class='ocrx_word' id='word_1_111' title='bbox 426 1792 509 1876; x_wconf 89' lang='grc' dir='ltr'><strong><em>πρὸς</em></strong></span> <span class='ocrx_word' id='word_1_112' title='bbox 531 1792 590 1855; x_wconf 90' lang='grc' dir='ltr'><strong><em>τὸν</em></strong></span> <span class='ocrx_word' id='word_1_113' title='bbox 612 1790 796 1875; x_wconf 77' lang='grc' dir='ltr'><strong><em>βάρβαρον,</em></strong></span> <span class='ocrx_word' id='word_1_114' title='bbox 820 1787 890 1854; x_wconf 87' lang='grc' dir='ltr'><strong><em>ἀλλ’</em></strong></span> <span class='ocrx_word' id='word_1_115' title='bbox 918 1789 959 1854; x_wconf 89' lang='grc' dir='ltr'><strong><em>οὐ</em></strong></span> <span class='ocrx_word' id='word_1_116' title='bbox 981 1793 1102 1873; x_wconf 87' lang='grc' dir='ltr'><strong><em>λόγων·</em></strong></span> <span class='ocrx_word' id='word_1_117' title='bbox 1140 1787 1208 1854; x_wconf 81' lang='grc' dir='ltr'><strong><em>ἐπεὶ</em></strong></span> 
     </span>
    </p>
   </div>
   <div class='ocr_carea' id='block_1_3' title="bbox 207 1893 1296 2034">
    <p class='ocr_par' dir='ltr' id='par_1_4' title="bbox 207 1893 1296 2034">
     <span class='ocr_line' id='line_1_16' title="bbox 207 1893 1296 2034; baseline -0.004 -70"><span class='ocrx_word' id='word_1_118' title='bbox 207 1896 245 1964; x_wconf 76' lang='grc' dir='ltr'><strong><em>δὲ</em></strong></span> <span class='ocrx_word' id='word_1_119' title='bbox 272 1898 290 1964; x_wconf 86' lang='grc' dir='ltr'>ὁ</span> <span class='ocrx_word' id='word_1_120' title='bbox 317 1900 476 1981; x_wconf 81' lang='grc' dir='ltr'><strong><em>Τεγεήτης</em></strong></span> <span class='ocrx_word' id='word_1_121' title='bbox 501 1895 667 1981; x_wconf 79' lang='grc' dir='ltr'><strong><em>προέθηκε</em></strong></span> <span class='ocrx_word' id='word_1_122' title='bbox 694 1897 815 1960; x_wconf 89' lang='grc' dir='ltr'><strong><em>παλαιά</em></strong></span> <span class='ocrx_word' id='word_1_123' title='bbox 841 1893 896 1960; x_wconf 85' lang='grc' dir='ltr'><strong><em>καλ</em></strong></span> <span class='ocrx_word' id='word_1_124' title='bbox 919 1897 1016 1961; x_wconf 83' lang='grc' dir='ltr'><strong><em>καινὰ</em></strong></span> <span class='ocrx_word' id='word_1_125' title='bbox 1039 1894 1146 1979; x_wconf 88' lang='grc' dir='ltr'><strong><em>λέγειν</em></strong></span> <span class='ocrx_word' id='word_1_126' title='bbox 1169 1897 1210 1960; x_wconf 85' lang='grc' dir='ltr'><strong><em>τά</em></strong></span> <span class='ocrx_word' id='word_1_127' title='bbox 1295 1959 1296 2034; x_wconf 42' lang='grc' dir='ltr'><strong><em>ρ</em></strong></span> 
     </span>
    </p>
   </div>
   <div class='ocr_carea' id='block_1_4' title="bbox 206 1999 1296 2403">
    <p class='ocr_par' dir='ltr' id='par_1_5' title="bbox 206 1999 1296 2192">
     <span class='ocr_line' id='line_1_17' title="bbox 207 1999 1296 2090; baseline -0.002 -21"><span class='ocrx_word' id='word_1_128' title='bbox 207 2003 389 2088; x_wconf 84' lang='grc' dir='ltr'><strong><em>ἑκατέροισι</em></strong></span> <span class='ocrx_word' id='word_1_129' title='bbox 421 2003 457 2068; x_wconf 86' lang='grc' dir='ltr'><strong><em>ἐν</em></strong></span> <span class='ocrx_word' id='word_1_130' title='bbox 488 2011 533 2090; x_wconf 76' lang='grc' dir='ltr'><strong><em>τςό</em></strong></span> <span class='ocrx_word' id='word_1_131' title='bbox 565 1999 663 2066; x_wconf 80' lang='grc' dir='ltr'><strong><em>παντὶ</em></strong></span> <span class='ocrx_word' id='word_1_132' title='bbox 690 2005 798 2090; x_wconf 78' lang='grc' dir='ltr'><strong><em>χρόνῳ</em></strong></span> <span class='ocrx_word' id='word_1_133' title='bbox 831 1999 1045 2086; x_wconf 89' lang='grc' dir='ltr'><strong><em>κατέργασται</em></strong></span> <span class='ocrx_word' id='word_1_134' title='bbox 1073 2005 1208 2087; x_wconf 81' lang='grc' dir='ltr'><strong><em>χρηστά,</em></strong></span> <span class='ocrx_word' id='word_1_135' title='bbox 1295 2037 1296 2082; x_wconf 74' lang='lat'>1</span> 
     </span>
     <span class='ocr_line' id='line_1_18' title="bbox 206 2105 1208 2192; baseline -0.005 -17"><span class='ocrx_word' id='word_1_136' title='bbox 206 2110 393 2192; x_wconf 86' lang='grc' dir='ltr'><strong><em>ἀναγκαίως</em></strong></span> <span class='ocrx_word' id='word_1_137' title='bbox 418 2108 497 2192; x_wconf 83' lang='grc' dir='ltr'><strong><em>ἡμῖν</em></strong></span> <span class='ocrx_word' id='word_1_138' title='bbox 524 2111 590 2191; x_wconf 80' lang='grc' dir='ltr'><strong><em>ἔχει</em></strong></span> <span class='ocrx_word' id='word_1_139' title='bbox 618 2109 763 2190; x_wconf 82' lang='grc' dir='ltr'><strong><em>δηλῶσαι</em></strong></span> <span class='ocrx_word' id='word_1_140' title='bbox 789 2107 871 2191; x_wconf 90' lang='grc' dir='ltr'><strong><em>πρὸς</em></strong></span> <span class='ocrx_word' id='word_1_141' title='bbox 900 2105 1000 2190; x_wconf 87' lang='grc' dir='ltr'><strong><em>ὑμέας</em></strong></span> <span class='ocrx_word' id='word_1_142' title='bbox 1023 2107 1105 2172; x_wconf 87' lang='grc' dir='ltr'><strong><em>ὅθεν</em></strong></span> <span class='ocrx_word' id='word_1_143' title='bbox 1128 2108 1208 2191; x_wconf 83' lang='grc' dir='ltr'><strong><em>ἡμῖν</em></strong></span> 
     </span>
    </p>

    <p class='ocr_par' dir='ltr' id='par_1_6' title="bbox 206 2201 1296 2450">
     <span class='ocr_line' id='line_1_19' title="bbox 206 2201 1296 2298; baseline -0.002 -20"><span class='ocrx_word' id='word_1_144' title='bbox 206 2216 374 2298; x_wconf 82' lang='grc' dir='ltr'><strong><em>πατρώιόν</em></strong></span> <span class='ocrx_word' id='word_1_145' title='bbox 388 2214 456 2279; x_wconf 87' lang='grc' dir='ltr'><strong><em>ἐστι</em></strong></span> <span class='ocrx_word' id='word_1_146' title='bbox 466 2213 558 2278; x_wconf 87' lang='grc' dir='ltr'><strong><em>ἐοῦσι</em></strong></span> <span class='ocrx_word' id='word_1_147' title='bbox 567 2223 737 2297; x_wconf 83' lang='grc' dir='ltr'><strong><em>χρηστοῖσι</em></strong></span> <span class='ocrx_word' id='word_1_148' title='bbox 747 2209 811 2276; x_wconf 83' lang='grc' dir='ltr'><strong><em>αίεδ</em></strong></span> <span class='ocrx_word' id='word_1_149' title='bbox 820 2212 978 2295; x_wconf 82' lang='grc' dir='ltr'><strong><em>πρώτοισι</em></strong></span> <span class='ocrx_word' id='word_1_150' title='bbox 988 2205 1073 2276; x_wconf 82' lang='grc' dir='ltr'><strong><em>εἶναι</em></strong></span> <span class='ocrx_word' id='word_1_151' title='bbox 1083 2217 1210 2296; x_wconf 84' lang='grc' dir='ltr'><strong><em>μᾶλλον</em></strong></span> <span class='ocrx_word' id='word_1_152' title='bbox 1295 2201 1296 2208; x_wconf 28' lang='lat'>¹</span> 
     </span>
     <span class='ocr_line' id='line_1_20' title="bbox 207 2313 1210 2403; baseline -0.001 -20"><span class='ocrx_word' id='word_1_153' title='bbox 207 2319 228 2401; x_wconf 88' lang='grc' dir='ltr'><strong><em>ἡ</em></strong></span> <span class='ocrx_word' id='word_1_154' title='bbox 244 2316 385 2403; x_wconf 83' lang='grc' dir='ltr'><strong><em>Ἀρκάσι</em></strong></span> <span class='ocrx_word' id='word_1_155' title='bbox 413 2317 638 2403; x_wconf 80' lang='grc' dir='ltr'><strong><em>Ἡρακλείδας,</em></strong></span> <span class='ocrx_word' id='word_1_156' title='bbox 656 2329 723 2382; x_wconf 82' lang='grc' dir='ltr'><strong><em>τῶν</em></strong></span> <span class='ocrx_word' id='word_1_157' title='bbox 737 2313 833 2382; x_wconf 88' lang='grc' dir='ltr'><strong><em>οὗτοί</em></strong></span> <span class='ocrx_word' id='word_1_158' title='bbox 844 2334 926 2400; x_wconf 84' lang='grc' dir='ltr'><strong><em>φασι</em></strong></span> <span class='ocrx_word' id='word_1_159' title='bbox 944 2315 1133 2382; x_wconf 85' lang='grc' dir='ltr'><strong><em>ἀποκτείναι</em></strong></span> <span class='ocrx_word' id='word_1_160' title='bbox 1150 2320 1210 2383; x_wconf 89' lang='grc' dir='ltr'><strong><em>τὸν</em></strong></span> 
     </span>
    </p>
   </div>
   <div class='ocr_carea' id='block_1_5' title="bbox 206 2421 1296 3564">
    <p class='ocr_par' dir='ltr' id='par_1_7' title="bbox 206 2421 1296 3564">
     <span class='ocr_line' id='line_1_21' title="bbox 207 2421 1210 2509; baseline 0.001 -22"><span class='ocrx_word' id='word_1_161' title='bbox 207 2423 353 2507; x_wconf 84' lang='grc' dir='ltr'><strong><em>ἡγεμόνα</em></strong></span> <span class='ocrx_word' id='word_1_162' title='bbox 376 2422 412 2487; x_wconf 90' lang='grc' dir='ltr'><strong><em>έν</em></strong></span> <span class='ocrx_word' id='word_1_163' title='bbox 432 2421 565 2509; x_wconf 78' lang='grc' dir='ltr'><strong><em>Ἰσθμῷ,</em></strong></span> <span class='ocrx_word' id='word_1_164' title='bbox 588 2424 728 2498; x_wconf 86' lang='grc' dir='ltr'><strong><em>τούτους</em></strong></span> <span class='ocrx_word' id='word_1_165' title='bbox 749 2425 911 2507; x_wconf 90' lang='grc' dir='ltr'><strong><em>πρότερον</em></strong></span> <span class='ocrx_word' id='word_1_166' title='bbox 935 2421 1210 2508; x_wconf 79' lang='grc' dir='ltr'><strong><em>ἐξελαυνομένους</em></strong></span> 
     </span>
     <span class='ocr_line' id='line_1_22' title="bbox 206 2525 1296 2612; baseline -0.003 -17"><span class='ocrx_word' id='word_1_167' title='bbox 206 2530 272 2595; x_wconf 88' lang='grc' dir='ltr'><strong><em>ὑπὸ</em></strong></span> <span class='ocrx_word' id='word_1_168' title='bbox 304 2530 438 2594; x_wconf 82' lang='grc' dir='ltr'><strong><em>πάντων</em></strong></span> <span class='ocrx_word' id='word_1_169' title='bbox 463 2525 632 2610; x_wconf 80' lang='grc' dir='ltr'><strong><em>Ἑλλήνων</em></strong></span> <span class='ocrx_word' id='word_1_170' title='bbox 664 2528 697 2604; x_wconf 88' lang='grc' dir='ltr'><strong><em>ἐς</em></strong></span> <span class='ocrx_word' id='word_1_171' title='bbox 727 2530 806 2604; x_wconf 87' lang='grc' dir='ltr'><strong><em>τοὺς</em></strong></span> <span class='ocrx_word' id='word_1_172' title='bbox 833 2528 1003 2593; x_wconf 89' lang='grc' dir='ltr'><strong><em>ἀπικοίατο</em></strong></span> <span class='ocrx_word' id='word_1_173' title='bbox 1031 2527 1211 2612; x_wconf 81' lang='grc' dir='ltr'><strong><em>φεύγοντες</em></strong></span> <span class='ocrx_word' id='word_1_174' title='bbox 1295 2603 1296 2606; x_wconf 10' lang='lat'>¹</span> 
     </span>
     <span class='ocr_line' id='line_1_23' title="bbox 207 2633 1211 2720; baseline 0 -20"><span class='ocrx_word' id='word_1_175' title='bbox 207 2635 420 2719; x_wconf 89' lang='grc' dir='ltr'><strong><em>δουλοσύνην</em></strong></span> <span class='ocrx_word' id='word_1_176' title='bbox 433 2636 515 2720; x_wconf 87' lang='grc' dir='ltr'><strong><em>πρὸς</em></strong></span> <span class='ocrx_word' id='word_1_177' title='bbox 528 2638 747 2717; x_wconf 83' lang='grc' dir='ltr'><strong><em>Μυκηναίων,</em></strong></span> <span class='ocrx_word' id='word_1_178' title='bbox 761 2643 881 2718; x_wconf 88' lang='grc' dir='ltr'><strong><em>μοῦνοι</em></strong></span> <span class='ocrx_word' id='word_1_179' title='bbox 894 2633 1132 2718; x_wconf 80' lang='grc' dir='ltr'><strong><em>ὑποδεξάμενοι</em></strong></span> <span class='ocrx_word' id='word_1_180' title='bbox 1150 2637 1211 2718; x_wconf 84' lang='grc' dir='ltr'><strong><em>τήν</em></strong></span> 
     </span>
     <span class='ocr_line' id='line_1_24' title="bbox 208 2739 1212 2828; baseline -0.002 -21"><span class='ocrx_word' id='word_1_181' title='bbox 208 2739 405 2828; x_wconf 86' lang='grc' dir='ltr'><strong><em>Εὐρυσθέος</em></strong></span> <span class='ocrx_word' id='word_1_182' title='bbox 422 2742 521 2826; x_wconf 85' lang='grc' dir='ltr'><strong><em>ὑβριν</em></strong></span> <span class='ocrx_word' id='word_1_183' title='bbox 539 2743 739 2824; x_wconf 87' lang='grc' dir='ltr'><strong><em>κατείλομεν,</em></strong></span> <span class='ocrx_word' id='word_1_184' title='bbox 764 2742 827 2804; x_wconf 88' lang='grc' dir='ltr'><strong><em>σὺν</em></strong></span> <span class='ocrx_word' id='word_1_185' title='bbox 846 2739 1000 2804; x_wconf 82' lang='grc' dir='ltr'><strong><em>ἐκείνοισι</em></strong></span> <span class='ocrx_word' id='word_1_186' title='bbox 1018 2741 1104 2825; x_wconf 83' lang='grc' dir='ltr'><strong><em>μάχη</em></strong></span> <span class='ocrx_word' id='word_1_187' title='bbox 1120 2745 1212 2824; x_wconf 89' lang='grc' dir='ltr'><strong><em>νική-</em></strong></span> 
     </span>
     <span class='ocr_line' id='line_1_25' title="bbox 208 2842 1210 2931; baseline -0.003 -18"><span class='ocrx_word' id='word_1_188' title='bbox 208 2865 326 2924; x_wconf 88' lang='grc' dir='ltr'><strong><em>σαντες</em></strong></span> <span class='ocrx_word' id='word_1_189' title='bbox 341 2849 419 2924; x_wconf 89' lang='grc' dir='ltr'><strong><em>τοὺς</em></strong></span> <span class='ocrx_word' id='word_1_190' title='bbox 436 2850 509 2912; x_wconf 90' lang='grc' dir='ltr'><strong><em>τότε</em></strong></span> <span class='ocrx_word' id='word_1_191' title='bbox 528 2849 662 2930; x_wconf 87' lang='grc' dir='ltr'><strong><em>έχοντας</em></strong></span> <span class='ocrx_word' id='word_1_192' title='bbox 675 2847 944 2928; x_wconf 91' lang='grc' dir='ltr'><strong><em>Πελοπόννησον.</em></strong></span> <span class='ocrx_word' id='word_1_193' title='bbox 975 2853 1073 2909; x_wconf 86' lang='grc' dir='ltr'><strong><em>τοῦτο</em></strong></span> <span class='ocrx_word' id='word_1_194' title='bbox 1093 2842 1210 2931; x_wconf 70' lang='grc' dir='ltr'><strong><em>δέἈρ·</em></strong></span> 
     </span>
     <span class='ocr_line' id='line_1_26' title="bbox 209 2948 1296 3038; baseline -0.004 -18"><span class='ocrx_word' id='word_1_195' title='bbox 209 2958 320 3038; x_wconf 89' lang='grc' dir='ltr'><strong><em>γείους</em></strong></span> <span class='ocrx_word' id='word_1_196' title='bbox 351 2955 429 3030; x_wconf 86' lang='grc' dir='ltr'><strong><em>τοὺς</em></strong></span> <span class='ocrx_word' id='word_1_197' title='bbox 458 2953 537 3037; x_wconf 84' lang='grc' dir='ltr'><strong><em>μετὰ</em></strong></span> <span class='ocrx_word' id='word_1_198' title='bbox 560 2955 781 3028; x_wconf 87' lang='grc' dir='ltr'><strong><em>Πολυνείκεος</em></strong></span> <span class='ocrx_word' id='word_1_199' title='bbox 808 2948 860 3015; x_wconf 83' lang='grc' dir='ltr'><strong><em>ἐπὶ</em></strong></span> <span class='ocrx_word' id='word_1_200' title='bbox 884 2953 995 3034; x_wconf 81' lang='grc' dir='ltr'><strong><em>Θήβας</em></strong></span> <span class='ocrx_word' id='word_1_201' title='bbox 1021 2949 1211 3034; x_wconf 89' lang='grc' dir='ltr'><strong><em>έλάσαντας,</em></strong></span> <span class='ocrx_word' id='word_1_202' title='bbox 1295 2991 1296 3000; x_wconf 46' lang='lat'>1</span> 
     </span>
     <span class='ocr_line' id='line_1_27' title="bbox 209 3054 1212 3144; baseline -0.003 -19"><span class='ocrx_word' id='word_1_203' title='bbox 209 3063 465 3144; x_wconf 83' lang='grc' dir='ltr'><strong><em>τελευτήσαντας</em></strong></span> <span class='ocrx_word' id='word_1_204' title='bbox 482 3059 541 3123; x_wconf 91' lang='grc' dir='ltr'><strong><em>τὸν</em></strong></span> <span class='ocrx_word' id='word_1_205' title='bbox 560 3058 665 3122; x_wconf 82' lang='grc' dir='ltr'><strong><em>αἰῶνα</em></strong></span> <span class='ocrx_word' id='word_1_206' title='bbox 682 3054 737 3122; x_wconf 82' lang='grc' dir='ltr'><strong><em>καὶ</em></strong></span> <span class='ocrx_word' id='word_1_207' title='bbox 755 3056 902 3139; x_wconf 87' lang='grc' dir='ltr'><strong><em>ἀτάφους</em></strong></span> <span class='ocrx_word' id='word_1_208' title='bbox 919 3054 1100 3140; x_wconf 87' lang='grc' dir='ltr'><strong><em>κειμένους,</em></strong></span> <span class='ocrx_word' id='word_1_209' title='bbox 1115 3072 1212 3142; x_wconf 89' lang='grc' dir='ltr'><strong><em>στρα-</em></strong></span> 
     </span>
     <span class='ocr_line' id='line_1_28' title="bbox 208 3160 1211 3250; baseline -0.002 -19"><span class='ocrx_word' id='word_1_210' title='bbox 208 3167 405 3250; x_wconf 83' lang='grc' dir='ltr'><strong><em>τευσόμενοι</em></strong></span> <span class='ocrx_word' id='word_1_211' title='bbox 427 3163 480 3230; x_wconf 77' lang='grc' dir='ltr'><strong><em>ἐπὶ</em></strong></span> <span class='ocrx_word' id='word_1_212' title='bbox 502 3166 580 3240; x_wconf 92' lang='grc' dir='ltr'><strong><em>τοὺς</em></strong></span> <span class='ocrx_word' id='word_1_213' title='bbox 597 3164 785 3248; x_wconf 87' lang='grc' dir='ltr'><strong><em>Καδμείους</em></strong></span> <span class='ocrx_word' id='word_1_214' title='bbox 807 3160 984 3226; x_wconf 85' lang='grc' dir='ltr'><strong><em>ἀνελέσθαι</em></strong></span> <span class='ocrx_word' id='word_1_215' title='bbox 1006 3184 1040 3226; x_wconf 87' lang='grc' dir='ltr'><strong><em>τε</em></strong></span> <span class='ocrx_word' id='word_1_216' title='bbox 1063 3165 1142 3239; x_wconf 90' lang='grc' dir='ltr'><strong><em>τοὺς</em></strong></span> <span class='ocrx_word' id='word_1_217' title='bbox 1159 3187 1211 3229; x_wconf 58' lang='grc' dir='ltr'><strong><em>νε1</em></strong></span> 
     </span>
     <span class='ocr_line' id='line_1_29' title="bbox 208 3261 1212 3356; baseline -0.002 -22"><span class='ocrx_word' id='word_1_218' title='bbox 208 3273 311 3355; x_wconf 90' lang='grc' dir='ltr'><strong><em>κρούς</em></strong></span> <span class='ocrx_word' id='word_1_219' title='bbox 337 3295 447 3356; x_wconf 83' lang='grc' dir='ltr'><strong><em>φαμεν</em></strong></span> <span class='ocrx_word' id='word_1_220' title='bbox 475 3268 530 3336; x_wconf 80' lang='grc' dir='ltr'><strong><em>καὶ</em></strong></span> <span class='ocrx_word' id='word_1_221' title='bbox 561 3270 670 3347; x_wconf 81' lang='grc' dir='ltr'><strong><em>θάψαι</em></strong></span> <span class='ocrx_word' id='word_1_222' title='bbox 701 3277 757 3352; x_wconf 91' lang='grc' dir='ltr'><strong><em>τῆς</em></strong></span> <span class='ocrx_word' id='word_1_223' title='bbox 790 3265 947 3353; x_wconf 89' lang='grc' dir='ltr'><strong><em>ἡμετέρης</em></strong></span> <span class='ocrx_word' id='word_1_224' title='bbox 975 3266 1012 3331; x_wconf 89' lang='grc' dir='ltr'><strong><em>ἐν</em></strong></span> <span class='ocrx_word' id='word_1_225' title='bbox 1039 3261 1212 3334; x_wconf 83' lang='grc' dir='ltr'><strong><em>Ἐλευσῖνι.</em></strong></span> 
     </span>
     <span class='ocr_line' id='line_1_30' title="bbox 210 3368 1214 3462; baseline 0 -23"><span class='ocrx_word' id='word_1_226' title='bbox 210 3378 279 3441; x_wconf 79' lang='grc' dir='ltr'><strong><em>ἔστι</em></strong></span> <span class='ocrx_word' id='word_1_227' title='bbox 311 3374 347 3440; x_wconf 73' lang='grc' dir='ltr'><strong><em>δέ</em></strong></span> <span class='ocrx_word' id='word_1_228' title='bbox 374 3376 452 3460; x_wconf 80' lang='grc' dir='ltr'><strong><em>ἡμῖν</em></strong></span> <span class='ocrx_word' id='word_1_229' title='bbox 480 3379 579 3462; x_wconf 82' lang='grc' dir='ltr'><strong><em>ἔργον</em></strong></span> <span class='ocrx_word' id='word_1_230' title='bbox 611 3369 649 3439; x_wconf 86' lang='grc' dir='ltr'><strong><em>εὑ</em></strong></span> <span class='ocrx_word' id='word_1_231' title='bbox 677 3377 753 3459; x_wconf 80' lang='grc' dir='ltr'><strong><em>ἔχον</em></strong></span> <span class='ocrx_word' id='word_1_232' title='bbox 780 3371 834 3438; x_wconf 83' lang='grc' dir='ltr'><strong><em>καὶ</em></strong></span> <span class='ocrx_word' id='word_1_233' title='bbox 861 3371 894 3449; x_wconf 88' lang='grc' dir='ltr'><strong><em>ές</em></strong></span> <span class='ocrx_word' id='word_1_234' title='bbox 917 3368 1130 3456; x_wconf 78' lang='grc' dir='ltr'><strong><em>Ἀμαζονίδας</em></strong></span> <span class='ocrx_word' id='word_1_235' title='bbox 1156 3376 1214 3450; x_wconf 78' lang='grc' dir='ltr'><strong><em>τὰς</em></strong></span> 
     </span>
     <span class='ocr_line' id='line_1_31' title="bbox 209 3475 1215 3564; baseline 0 -20"><span class='ocrx_word' id='word_1_236' title='bbox 209 3480 274 3544; x_wconf 85' lang='grc' dir='ltr'><strong><em>ἀπὸ</em></strong></span> <span class='ocrx_word' id='word_1_237' title='bbox 289 3481 524 3564; x_wconf 83' lang='grc' dir='ltr'><strong><em>Θερμώδοντος</em></strong></span> <span class='ocrx_word' id='word_1_238' title='bbox 541 3489 690 3562; x_wconf 89' lang='grc' dir='ltr'><strong><em>ποταμοῦ</em></strong></span> <span class='ocrx_word' id='word_1_239' title='bbox 708 3477 910 3561; x_wconf 83' lang='grc' dir='ltr'><strong><em>ἐσβαλούσας</em></strong></span> <span class='ocrx_word' id='word_1_240' title='bbox 926 3475 1001 3543; x_wconf 72' lang='grc' dir='ltr'><strong><em>κοτὲ</em></strong></span> <span class='ocrx_word' id='word_1_241' title='bbox 1019 3476 1053 3554; x_wconf 88' lang='grc' dir='ltr'><strong><em>ές</em></strong></span> <span class='ocrx_word' id='word_1_242' title='bbox 1070 3487 1134 3561; x_wconf 92' lang='grc' dir='ltr'><strong><em>γῆν</em></strong></span> <span class='ocrx_word' id='word_1_243' title='bbox 1153 3481 1215 3564; x_wconf 84' lang='grc' dir='ltr'><strong><em>τήν</em></strong></span> 
     </span>
    </p>
   </div>
   <div class='ocr_carea' id='block_1_6' title="bbox 0 0 1329 3970">
    <p class='ocr_par' dir='ltr' id='par_1_8' title="bbox 0 0 1329 3970">
     <span class='ocr_line' id='line_1_32' title="bbox 0 0 1329 3970; baseline 0 0"><span class='ocrx_word' id='word_1_244' title='bbox 0 0 1329 3970; x_wconf 95' lang='lat' dir='ltr'><strong><em> </em></strong></span> 
     </span>
    </p>
   </div>
  </div>
 </body>
</html>
