2572 3980
190 197 209 258 8
301 228 307 244 .
600 191 785 248 HERODOTI

189 336 321 421 ἐφοίτα,
353 339 431 423 μετά
464 332 500 402 δέ
532 337 568 401 τὸ
601 334 762 420 μέταλλον
793 337 959 422 Δύσωρον
990 339 1191 420 καλεόμενον

134 458 170 506 18
189 445 267 526 ὄρος
295 442 480 526 ὑπερβάντα
509 437 592 508 εἶναι
620 441 657 507 ἐν
684 443 887 527 Μακεδονίῃ.
929 441 964 507 οί
989 437 1036 506 ὧν
1063 441 1192 526 Πέρσαι

189 547 226 612 οί
245 547 453 631 πεμφθέντες
475 542 567 612 οὗτοι
589 549 677 631 παρὰ
699 548 759 613 τὸν
778 544 941 632 Ἀμύντην
960 543 1004 624 ὡς
1022 547 1191 631 ἀπίκοντο,

189 657 300 718 αίτεον
323 653 477 730 ἐλθόντες
500 653 533 730 ές
556 655 634 729 όψιν
651 653 712 735 την
727 649 892 737 Ἀμύντεω
912 656 1044 740 Δαρείῳ
1063 653 1195 738 βασιλέι
1255 665 1258 674 ’

156 843 158 854 A
188 749 252 841 γῆν
279 781 314 824 τε
341 757 394 825 καί
422 761 522 843 ὕδωρ.
568 759 585 824 ὁ
614 755 651 824 δέ
676 759 778 822 ταῦτά
804 781 839 824 τε
867 757 981 824 ἐδίδου
1007 763 1065 825 καί
1088 776 1193 848 σφεας

189 863 242 928 ἐπὶ
267 863 370 942 ξείνια
393 864 510 946 καλέει,
534 864 865 948 παρασκευασάμενος
884 861 1076 930 δέ’δεῑπνον
1094 889 1193 949 μεγα-
1283 897 1284 900 “

188 967 349 1055 λοπρεπλς
380 969 507 1036 ἐδέκετο
538 973 616 1047 τοὺς
648 967 779 1053 Πέρσας
812 972 1034 1053 φιλοφρόνως.
1084 971 1128 1046 ὡς
1155 969 1193 1037 δὲ

188 1074 252 1140 ἀπὸ
280 1077 418 1142 δείπνου
445 1075 612 1158 ἐγίνοντο,
645 1076 853 1151 διαπίνοντες
881 1070 976 1140 εἶπαν
1004 1076 1039 1140 οί
1064 1077 1194 1160 Πέρσαι

189 1181 280 1246 τάδε·
303 1182 398 1256 Ξείνε
420 1182 597 1262 Μακεδών,
620 1180 699 1264 ημῖν
722 1183 824 1265 νόμος
842 1179 910 1246 ε’στλ
928 1193 1013 1246 τοῖσι
1032 1181 1194 1267 Πέρσησι,

188 1285 288 1352 ἐπεὰν
317 1290 452 1352 δεῖπνον
475 1287 713 1370 προτιθώμεθα
736 1285 833 1370 μέγα,
861 1289 933 1352 τότε
956 1285 1011 1351 καὶ
1034 1289 1091 1364 τάς
1112 1295 1194 1354 παλ-

190 1394 290 1468 λακὰς
307 1391 361 1458 καὶ
376 1394 433 1468 τάς
446 1392 616 1476 κουριδίας
628 1402 788 1474 γυναῖκας
802 1392 979 1474 ἐσάγεσθαι
991 1392 1195 1479 παρέδρους·

188 1499 232 1561 σύ
258 1522 337 1581 νυν,
369 1496 441 1562 ἐπεί
460 1520 520 1581 περ
543 1498 725 1581 προθύμως
743 1494 803 1581 μὲν
826 1496 954 1580 ἐδέξαο,
981 1499 1130 1582 μεγάλως
1157 1497 1195 1566 δέ

188 1603 348 1685 ξεινίζεις,
376 1604 482 1679 διδοῖς
505 1600 542 1667 δὲ
564 1603 694 1687 βασιλέϊ
715 1606 847 1690 Δαρείῳ
870 1613 933 1686 γῆν
955 1627 990 1668 τε
1012 1601 1067 1669 καὶ
1089 1605 1193 1691 ὕδωρ,

188 1707 264 1773 έπεο
296 1711 387 1794 νόμῳ
414 1715 459 1795 τῷ
487 1706 641 1795 ἡμετέρῳ.
687 1703 756 1774 εἷπε
782 1711 865 1793 πρὸς
891 1717 994 1773 ταῦτα
1019 1704 1194 1793 Ἀμύντης·

182 1791 394 1897 ὮΠέρσαι,
418 1815 519 1896 νόμος
545 1809 605 1898 μέν
627 1813 707 1897 ’ἡμῖν
733 1812 774 1897 γέ
797 1814 864 1878 ἐστι
888 1814 949 1878 οὐκ
966 1809 1082 1896 οὗτος,
1112 1815 1194 1881 ἀλλά

186 1921 388 2003 κεχωρίσθαι
416 1918 540 2002 ἀνδρας
567 1930 750 2002 γυναικῶν·
779 1919 882 1984 ἐπείτε
911 1917 947 1983 δὲ
969 1917 1063 2004 ὑμεῖς
1084 1918 1195 1999 ἐόντες

188 2027 344 2090 δεσπόται
380 2029 611 2109 προσχρηίζετε
646 2026 787 2106 τούτων,
827 2022 985 2110 παρέσται
1022 2023 1103 2108 ὑμῖν
1140 2025 1196 2092 καλ

187 2139 299 2194 ταῦτα.
350 2135 442 2206 είπας
474 2139 617 2196 τοσαῦτα
648 2130 666 2195 ὁ
695 2127 855 2213 Ἀμύντης
886 2128 1103 2214 μετεπέμπετο
1138 2134 1196 2210 τάς

187 2246 356 2318 γυναῖκας.
402 2237 439 2300 αί
459 2235 489 2300 δ’
516 2235 620 2302 ἐπείτε
642 2238 837 2318 καλεόμεναι
859 2230 977 2318 ἦλθον,
1002 2234 1115 2319 ἐπεξῆς
1138 2237 1197 2302 ἀυ-

189 2343 256 2404 τίαι
285 2341 392 2419 ἵζοντο
420 2353 506 2407 τοῖσι
534 2340 691 2426 Πέρσησι.
737 2339 884 2406 ἐνθαῦτα
912 2341 946 2406 οί
971 2341 1099 2426 Πέρσαι
1127 2345 1195 2408 ι’δό-

127 2519 129 2525 λ
189 2469 283 2531 μενοι
310 2457 468 2530 γυναῖκας
491 2448 680 2532 εὐμόρφους
703 2448 817 2529 ἔλεγον
839 2448 921 2532 πρὸς
945 2443 1109 2532 Ἀμύντην
1132 2451 1197 2534 φά-

188 2574 283 2636 μενοι
310 2553 347 2616 τὸ
375 2547 517 2634 ποιηθὲν
544 2559 642 2615 τοῦτο
671 2547 770 2617 οὐδέν
793 2546 879 2616 εἶναι
902 2555 1023 2636 σοφόν·
1052 2553 1197 2640 κρέσσον

188 2659 252 2741 γάρ
275 2652 361 2722 εἶναι
379 2659 526 2742 ἀρχῆθεν
544 2657 587 2741 μὴ
608 2655 721 2722 ἐλθεῖν
738 2659 796 2734 τὰς
813 2669 972 2740 γυναῖκας
989 2659 1009 2743 ἢ
1029 2659 1197 2740 ἐλθούσας

188 2761 244 2827 καὶ
276 2764 319 2847 μὴ
347 2759 563 2848 παριζομένας
591 2761 704 2840 ἀντίας
730 2764 859 2842 ἵζεσθαι
886 2764 1072 2848 ἀλγηδόνας
1099 2773 1196 2852 σφίσι

190 2875 385 2952 ὀφθαλμῶν.
421 2867 682 2950 ἀναγκαζόμενος
701 2865 737 2934 δέ
756 2869 774 2934 ὁ
790 2865 950 2953 Ἀμύντης
968 2869 1095 2936 ἐκέλευε
1113 2896 1195 2960 παρ-

190 2979 283 3052 ίζειν·
307 2971 515 3056 πειθομένων
539 2969 575 3038 δὲ
597 2983 665 3038 τῶν
687 2985 855 3057 γυναικῶν
877 2975 994 3040 αὐτίκα
1014 2977 1051 3041 οί
1066 2978 1195 3066 Πέρσαι

190 3089 323 3163 μαστῶν
345 3101 380 3142 τε
398 3078 539 3142 ἀπτοντο
559 3069 613 3142 οἷα
634 3082 781 3156 πλεόνως
800 3078 976 3163 οἰνωμένοι
992 3085 1052 3146 καί
1065 3086 1128 3148 κού
1146 3109 1195 3162 τις

139 3199 172 3246 19
191 3182 246 3248 καὶ
274 3181 400 3265 φιλέειν
428 3183 587 3268 ἐπειρᾶτο.
629 3180 788 3269 Ἀμύντης
815 3182 875 3270 μέν
898 3187 939 3269 δη
962 3195 1065 3252 ταῦτα
1087 3189 1195 3274 ὁρέων

189 3287 332 3372 ἀτρέμας
358 3283 438 3373 εἶχε,
466 3293 581 3373 καίπερ
610 3290 822 3374 δυσφορέων,
851 3284 904 3356 οἷα
930 3291 1195 3378 ὑπερδειμαίνων

189 3397 269 3471 τοὺς
292 3392 439 3476 Πέρσας·
465 3391 678 3480 Ἀλέξανδρος
705 3391 741 3459 δὲ
769 3393 786 3459 ὁ
811 3388 973 3480 Ἀμύντεω
1000 3399 1133 3482 παρεών
1159 3423 1194 3465 τε
