2572 3980
384 267 451 322 ΜΒ.
466 267 499 322 v.
532 268 608 325 (ιον.
628 274 750 325 εε-εο.
1027 273 1068 340 19

63 409 119 476 καί
137 406 297 476 Ἱστιαῖον
318 412 455 495 Τύμνεω
478 409 641 496 Τερμερέα
662 411 717 478 καλ
735 416 836 498 Κώην
857 412 1070 501 Ἐρξάνδρου,

63 524 111 604 τῷ
135 522 281 601 Δαρεῖος
302 521 501 603 Μυτιλήνην
524 517 727 603 ἐδωρήσατο,
755 518 810 585 καί
834 515 1069 609 Ἀρισταγόρην

57 619 282 707 Ἡρακλείδεω
304 627 458 707 Κυμαῖον
476 621 531 689 καί
549 625 670 702 ἄλλους
687 627 841 710 συχνούς,
864 628 951 694 οὕτω
971 629 1012 712 δή
1031 629 1068 696 έκ

60 737 124 796 τοῦ
138 727 302 815 ἐμφανέος
315 723 576 816 δἈρισταγόρης
589 729 775 815 ἀπεστήκεε,
789 740 855 798 πᾶν
869 730 922 798 ἐπὶ
933 739 1067 822 Δαρείφ

62 836 310 920 μηχανώμενος.
350 831 405 899 καί
423 845 536 920 πρῶτα
554 831 615 919 μέν
634 838 722 924 λόγῳ
741 835 847 921 μετεὶς
864 839 925 922 τήν
947 863 1068 925 τυραν-

59 943 142 1008 νίδα
162 942 336 1025 ἰσονομίην
353 939 460 1008 ἐποίεε
477 947 517 1025 τῇ
535 942 686 1029 Μιλήτῳ,
711 941 755 1018 ὡς
773 940 815 1006 διν
834 939 964 1020 ἑκόντες
978 943 1067 1031 αὐτῷ

61 1048 97 1112 οί
117 1051 281 1130 Μιλήσιοι
303 1049 576 1130 συναπισταίατο,
605 1049 684 1134 μετὰ
711 1045 748 1114 δὲ
775 1045 831 1114 καί
859 1047 895 1114 ἐν
922 1057 961 1134 τή
984 1050 1067 1136 άλλη

58 1148 169 1238 Ἰωνίη
190 1153 297 1220 τώυτὸ
319 1161 417 1220 τοῦτο
440 1153 561 1236 ἐποίεε,
592 1155 671 1230 τοὺς
699 1149 761 1240 μὲν
789 1153 974 1232 ἐξελαύνων
1000 1167 1068 1223 των

59 1260 248 1345 τυράννων,
271 1255 394 1336 τούςδ
411 1261 507 1343 ἔλαβε
524 1259 709 1344 τυράννους
727 1259 790 1324 ἀπὸ
808 1269 877 1326 τῶν
899 1271 986 1326 νεῶν
999 1272 1067 1330 τῶν

60 1363 343 1450 συμπλευσασέων
357 1361 410 1430 ἐπὶ
423 1364 548 1446 Νάξον,
562 1364 701 1441 τούτους
715 1361 752 1430 δέ
766 1369 848 1450 φίλα
861 1368 1068 1452 βουλόμενος

59 1469 238 1537 ποιέεσθαι
259 1477 334 1555 τῇσι
356 1472 468 1536 πόλισι
491 1469 651 1552 ἐξεδίδου,
674 1470 775 1536 ἀλλον
794 1469 828 1548 ίς
846 1472 951 1554 ἀλλην
968 1475 1067 1540 πόλιν

59 1576 277 1663 παραδιδούς,
301 1577 384 1642 ὅθεν
407 1582 457 1659 είη
480 1574 623 1652 ἕκαστος.
664 1574 766 1659 Κώην
788 1575 849 1661 μέν
871 1599 936 1644 νυν
958 1581 1065 1644 Μυτι.
1085 1603 1120 1652 3⁸

59 1688 195 1768 ληναῑοι
217 1681 322 1749 ἐπείτε
343 1681 479 1766 τάχιστα
500 1679 705 1764 παρέλαβον,
734 1680 950 1766 ἐξαγαγόντες
976 1681 1066 1749 κατέ-

59 1795 197 1872 λευσαν,
220 1790 366 1872 Κυμαῖοι
390 1784 427 1852 δὲ
448 1788 508 1852 τὸν
530 1785 692 1872 σφέτερον
714 1786 825 1852 αὐτῶν
848 1787 990 1872 ἀπῆκαν·
1023 1789 1068 1868 ὣς

60 1893 97 1960 δὲ
120 1891 178 1959 καί
200 1894 295 1960 ἄλλοι
318 1893 353 1958 οί
372 1897 510 1968 πλεῦνες
537 1879 684 1958 ἀπίεσαν.
720 1892 898 1975 τυράννων
919 1893 981 1979 μέν
1002 1918 1067 1961 νυν

59 2001 266 2076 κατάπαυσις
287 1999 413 2082 ἐγίνετο
436 1997 500 2063 ἀνά
521 1999 579 2074 τὰς
596 1999 723 2080 πόλιας,
738 1995 974 2084 Ἀρισταγόρης
993 1997 1029 2066 δέ
1048 1999 1067 2068 ό

60 2109 230 2190 Μιλήσιος
252 2105 297 2182 ίυς
318 2107 396 2181 τοὺς
422 2102 607 2188 τυράννους
634 2101 830 2186 κατέπαυσε,
863 2107 1065 2189 στρατηγοὺς

59 2213 96 2279 ἐν
120 2211 241 2298 ἑκάστη
263 2221 330 2276 τῶν
352 2213 478 2276 πολίων
500 2210 656 2286 κελεύσας
679 2207 835 2286 ἑκάστους
857 2220 1066 2296 καταστῆσαι,

60 2320 201 2403 δεύτερα
224 2316 323 2393 αὐτὸς
345 2315 379 2394 ἐς
396 2317 629 2399 Λακεδαίμονα
650 2315 779 2400 τριήρει
799 2313 980 2394 ἀπόστολος
1001 2317 1066 2402 ἐγί-

59 2444 153 2491 νετο·
185 2423 256 2490 §oss
283 2422 346 2507 γάρ
375 2421 417 2505 δή
440 2422 625 2505 συμμαχίης
647 2421 737 2496 τινός
760 2420 796 2485 οί
814 2423 957 2508 μεγάλης
979 2423 1066 2502 ἐξεν-

60 2538 213 2616 ρεθῆναι.

153 2639 219 2717 me
237 2629 274 2698 δὲ
287 2633 443 2717 Σπάρτης
452 2626 708 2716 Ἀναξανδρίδης
721 2629 782 2716 μὲν
796 2632 814 2700 ό
830 2631 974 2712 Λέοντος
988 2634 1061 2700 ούιι-
1084 2657 1118 2706 εε

60 2756 105 2807 ε’τι
127 2739 274 2823 περιεὼν
297 2737 466 2822 ἐβασίλευε
488 2737 571 2804 ἀλλὰ
594 2738 846 2822 ἐτετελευτήκεε,
877 2738 1067 2824 Κλεομένης

59 2845 94 2913 δέ
117 2847 137 2914 ὁ
159 2843 422 2928 Ἀναξανδρίδεω
450 2838 515 2928 εἶχε
543 2844 604 2926 τήν
632 2843 822 2926 βασιληίην,
850 2842 891 2908 ού
912 2840 983 2907 κατ’
1010 2843 1066 2909 ἀν-

59 2952 252 3038 δραγαθίην
275 2949 365 3034 σχὼν
387 2949 471 3014 ἀλλά
491 2949 573 3014 κατὰ
595 2947 702 3032 γένος.
735 2945 974 3034 Ἀναξαυδρίδη
1002 2949 1065 3035 γάρ

61 3062 171 3143 ἔχοντι
192 3067 335 3141 γυναῖκα
354 3055 516 3139 ἀδελφεῆς
534 3053 660 3120 ἑωυτοῦ
681 3054 851 3139 θυγατέρα
874 3051 930 3120 καί
948 3053 1066 3138 ἐούσης

60 3167 180 3248 ταύτης
203 3163 240 3229 οί
257 3164 465 3248 καταθυμίης
487 3163 602 3237 παῖδες
620 3160 682 3226 ούιι
700 3159 860 3243 ἐγίνοντο.
888 3159 1009 3228 τούτου
1028 3158 1066 3228 δέ

62 3272 216 3337 τοιούτου
239 3269 352 3346 ἐόντος
370 3271 405 3335 οί
421 3271 538 3352 ἐφοροι
555 3262 651 3332 είπαν
670 3265 938 3350 ἐπικαλεσάμενοι
954 3267 1065 3332 αὐτόν·

24 3427 25 3441 ,
64 3381 106 3441 Ec
123 3400 178 3442 τοι
202 3377 246 3440 σὺ
269 3382 416 3440 σεωυτοῦ
439 3375 483 3458 μή
505 3381 662 3460 προορᾷς,
686 3368 760 3438 ἀλλ’
782 3371 861 3458 ἡμῖν
879 3375 978 3440 τοῦτό
997 3373 1065 3439 ἐστι

25 3481 28 3564 ζ
63 3482 100 3546 ού
121 3478 331 3568 περιοπτέον,
354 3477 450 3562 γε’νος
472 3480 509 3544 τὸ
529 3478 762 3564 Εὐρυσθένεος
785 3477 943 3563 γενέσθαι
962 3477 1062 3558 ἐξίτη-

26 3569 28 3596 .
813 3583 850 3636 2*
