2678 3968
437 245 503 299 ΜΒ.
518 245 564 300 lx,
602 245 677 302 CAP.
697 254 782 302 5-8.
1052 248 1117 312 325

120 387 337 472 ἀπειπάμεθα,
355 391 471 473 καίπερ
486 388 691 474 ἀδικεόμενοι
706 388 762 456 ὑπ’
776 387 941 474 Ἑλλήνων
954 390 1009 457 καί
1022 415 1118 456 κατα-

119 494 355 578 προδιδόμενοι
387 492 598 578 ἐπιστάμενοί
621 517 656 559 τε
683 494 733 560 ότι
759 497 1020 580 κερδαλεώτερόν
1049 497 1117 563 ἐστι

120 597 311 682 ὁμολογέειν
333 606 378 686 τῷ
400 597 514 685 Πέρση
533 603 657 684 μᾶλλον
674 601 695 682 ἦ
713 621 774 684 περ
792 599 974 685 πολεμέειν·
997 602 1038 667 οὐ
1056 600 1117 688 μὲν

120 701 200 769 οὐδὲ
236 703 482 788 ὁμολογήσομεν
513 703 642 782 ἑκόντες
673 700 766 770 εἶναι.
810 703 865 770 καλ
899 707 936 771 τὸ
968 703 1028 790 μὲν
1059 706 1113 773 ἀπ’

119 808 230 894 ἡμέων
266 810 351 876 οὑτω
384 809 563 894 ἀκίβδηλον
593 810 724 896 νέμεται
759 809 812 876 ἐπὶ
841 813 920 888 τοὺς
947 809 1116 896 Ἕλληνας.

118 915 212 1000 ὑμεῖς
234 912 272 981 δὲ
294 915 327 992 ές
348 925 457 981 πᾶσαν
479 915 648 1004 ἀρρωδίην
669 920 742 983 τότε
764 917 955 1002 ἀπικόμενοι
978 919 1020 1003 μὴ
1040 917 1152 1003 ὁμο-β

119 1025 311 1106 λογησωμεν
337 1030 382 1109 τῷ
413 1021 541 1108 Πέρση,
567 1023 671 1088 ἐπείτε
698 1021 869 1107 ἐξεμάθετε
895 1025 932 1089 τὸ
958 1022 1117 1108 ἡμέτερον

119 1131 276 1216 φρόνημα
294 1127 434 1212 σαφέως,
454 1129 505 1193 ὅτι
523 1129 652 1214 οὐδαμά
665 1131 882 1214 προδώσομεν
895 1127 1115 1214 τὴνἙλλάδα,

118 1231 174 1299 καὶ
197 1235 282 1299 διότι
303 1243 408 1318 τεῖχος
430 1232 510 1318 ὑμίν
534 1235 589 1299 διὰ
610 1245 670 1300 τοῦ
685 1232 822 1319 Ἰσθμοῦ
840 1234 1061 1320 ἐλαυνόμενον
1080 1235 1116 1301 ἐν

118 1340 209 1408 τέλεϊ
227 1338 305 1422 ἐστι,
327 1337 382 1403 καί
404 1339 446 1423 δὴ
469 1343 570 1424 λόγον
589 1340 710 1406 οὐδένα
726 1353 793 1406 τών
808 1336 994 1424 Ἀθηναίων
1011 1339 1116 1406 ποιέε-

119 1453 198 1529 σθε,
227 1444 430 1530 συνθέμενοί
452 1468 487 1510 τε
516 1445 595 1530 ἡμῖν
624 1448 695 1527 [τὸν
720 1446 868 1531 Πέρσην]
897 1447 1116 1512 ἀντιώσεσθαι

119 1554 153 1631 ἐς
171 1554 231 1635 την
249 1554 413 1635 Βοιωτίην
430 1553 669 1636 προδεδώκατε,
689 1552 869 1638 περιείδετέ
883 1576 918 1618 τε
936 1553 1116 1637 ἐσβαλόντα

119 1659 153 1737 ἐς
175 1660 235 1742 τὴν
254 1655 401 1740 Ἀττικὴν
423 1657 482 1722 τὸν
504 1657 682 1744 βάρβαρον.
719 1658 752 1736 ἐς
774 1658 835 1744 μέν
856 1683 920 1724 νυν
937 1660 975 1724 τὸ
992 1659 1116 1744 παρεὸν

115 1763 289 1848 Ἀθηναῖοι
311 1763 390 1847 ὑμίν
411 1765 579 1847 μηνίουσι·
603 1764 644 1828 οὐ
661 1765 723 1847 γάρ
742 1763 913 1847 ἐποιήσατε
931 1761 1115 1847 ἐπιτηδέως.

119 1880 183 1938 νῦν
206 1867 242 1935 δέ
265 1869 316 1934 ὅτι
336 1868 433 1952 τάχος
456 1869 611 1954 στρατιὴν
633 1869 700 1953 ἅμα
722 1869 801 1953 ἡμῖν
824 1869 997 1934 ἐκέλευσαν
1015 1867 1116 1953 ὑμέας

119 1975 303 2062 ἐκπέμπειν,
323 1974 367 2050 ώς
381 1971 422 2039 ἀν
435 1974 494 2038 τὸν
508 1974 676 2059 βάρβαρον
691 1975 863 2058 δεκώμεθα
877 1975 914 2040 ἐν
926 1983 965 2060 τῇ
977 1972 1115 2058 Ἀττικῇ·

120 2085 232 2166 ἐπειδὴ
257 2083 319 2166 γάρ
341 2080 529 2165 ἡμάρτομεν
550 2089 608 2164 τῆς
628 2083 799 2164 Βοιωτίης,
822 2089 879 2164 τῆς
900 2105 938 2163 γε
959 2078 1150 2166 ἡμετέρηςε

120 2189 369 2273 ἐπιτηδεότατόν
391 2185 460 2251 ἐστι
482 2183 728 2269 ἐμμαχέσασθαι
749 2187 787 2251 τὸ
810 2186 969 2269 Θριάσιον
991 2187 1115 2252 πεδίον.

121 2297 165 2372 ώς
192 2291 229 2360 δέ
258 2295 321 2378 ἄρα
341 2293 489 2376 ἥκουσαν
512 2292 547 2356 ολ
567 2293 683 2376 ἔφοροι
705 2300 818 2374 ταῦτα,
841 2291 1060 2376 ἀνεβάλλοντο
1084 2291 1116 2368 ἐς

120 2403 181 2485 τὴν
206 2401 383 2484 ὑστεραίην
405 2395 674 2481 ὑποκρινέεσθαι,
702 2406 741 2483 τῇ
764 2394 801 2463 δὲ
822 2397 976 2484 ὑστεραίη
1000 2399 1033 2476 ἐς
1054 2400 1115 2482 τὴν

121 2506 243 2594 ἑτέρην.
274 2513 371 2570 τοῦτο
394 2499 431 2568 δέ
448 2501 503 2568 καί
526 2500 578 2568 ἐπὶ
596 2503 674 2569 δέκα
692 2502 813 2589 ἡμέρας
831 2504 971 2588 ἐποίεον,
987 2505 1021 2586 ἐξ
1040 2503 1115 2589 ἡμέ-

120 2637 181 2701 ρης
201 2612 234 2689 ἐς
255 2609 380 2696 ἡμέρην
400 2608 669 2692 ἀναβαλλόμενοι.
706 2608 743 2674 ἐν
766 2606 803 2675 δὲ
820 2610 925 2696 τούτῳ
943 2617 988 2697 τῷ
1007 2613 1114 2696 χρόνῳ

119 2723 179 2786 τὸν
198 2715 332 2802 Ἰσθμὸν
359 2715 500 2800 ἐτείχεον
527 2715 677 2798 σπουδὴν
701 2717 829 2799 ἔχοντες
850 2716 977 2798 πολλὴν
998 2715 1116 2790 πάντες

120 2825 396 2907 Πελοποννήσιοι,
413 2823 472 2885 καί
486 2836 547 2904 σφι
564 2815 607 2902 ἦν
622 2821 704 2904 πρὸς
717 2818 809 2884 τέλει’.
846 2817 918 2884 οὐδ’
935 2822 998 2903 έχω
1012 2821 1116 2884 εἰπεῖν

120 2935 157 2999 τὸ
176 2939 283 2999 αι’τιον
301 2930 386 2993 διότι
404 2924 603 3010 ἀπικομένου
621 2921 681 3009 μὲν
696 2919 911 3009 Ἀλεξάνδρου
929 2933 989 2988 τοῦ
1004 2929 1115 2990 Μακε-

121 3041 219 3116 δόνος
251 3036 284 3114 ἐς
312 3025 455 3116 Ἀθήνας
486 3031 636 3114 σπουδὴν
667 3031 812 3115 μεγάλην
844 3029 1039 3113 ἐποιήσαντο
1071 3031 1114 3115 μὴ

121 3146 256 3230 μηδίσαι
280 3139 492 3224 Ἀθηναίους,
519 3140 592 3202 τότε
620 3133 656 3201 δὲ
684 3137 773 3222 ώρην
800 3135 994 3218 ἐποιήσαντο
1022 3135 1116 3200 οὐδε-

121 3254 214 3336 μίαν,
246 3251 327 3314 ἀλλο
349 3271 387 3330 γε
417 3243 437 3329 ἣ
470 3244 520 3308 ὅτι
547 3242 565 3307 ὑ
589 3238 722 3326 Ἰσθμός
752 3257 812 3325 σφι
845 3241 1034 3325 ἐτετείχιστο
1061 3239 1115 3307 καί

121 3356 254 3422 ἐδόκεον
268 3353 456 3437 Ἀθηναίων
478 3352 525 3414 ἐτι
548 3346 683 3413 δέεσθαι
706 3346 819 3412 οὐδέν·
843 3348 895 3414 ὅτε
915 3344 952 3413 δὲ
971 3342 1116 3427 Ἀλέξαν-

121 3463 201 3548 δρος
237 3460 367 3525 ἀπίκετο
400 3457 432 3535 ἐς
463 3456 522 3540 τὴν
551 3449 713 3538 Ἀττικήν,
751 3454 837 3521 οὑκω
870 3454 1114 3540 ἀπετετείχιστο,
