2678 3968
236 319 302 383 246
649 318 837 375 HERODOTI

235 463 367 546 Μήδων
395 467 538 547 πλῆθος,
571 464 615 540 ὡς
645 462 751 528 πάντα
782 479 843 547 σφι
875 462 986 546 ἀγαθὰ
1017 463 1034 529 ὁ
1068 467 1247 548 Τρηχίνιος

237 568 342 645 ξεῖνος
369 568 536 653 ἀγγέλλοι,
569 571 600 634 εί
625 565 902 654 ἀποκρυπτόντων
928 579 996 634 τῶν
1022 570 1153 652 Μήδων
1183 571 1245 634 τὸν

236 673 333 758 ἥλιον
360 675 424 740 ὑπὸ
451 683 526 760 σκιῇ
554 677 662 741 ἔσοιτο
690 676 772 759 πρὸς
800 676 921 752 αὐτοὺς
946 675 967 758 ἡ
996 676 1080 761 μάχη
1103 673 1159 742 καὶ
1183 676 1246 740 οὐκ

237 781 273 846 έν
295 780 387 868 ηλίφ.
419 789 521 846 ταῦτα
544 777 605 865 μὲν
628 779 684 844 καὶ
702 781 784 846 ἀλλα
803 784 1039 867 τοιουτότροπα
1059 782 1136 846 ἕπεά
1160 798 1244 862 φασι

236 887 400 971 Διηνέκεα
440 889 498 952 τὸν
535 887 800 970 Λακεδαιμόνιον
842 887 997 953 λιπέσθαι
1038 889 1243 972 μνημόσυνα.
1326 933 1327 940 1

185 995 324 1073 νντμετά
356 989 393 1058 δὲ
423 1001 544 1058 τοῦτον
580 991 771 1077 ἀριστεῦσαι
803 992 954 1076 λέγονται
985 994 1245 1077 Λακεδαιμόνιοι

238 1100 299 1165 δύο
336 1098 505 1182 ἀδελφεοί,
539 1094 676 1182 Ἀλφεός
710 1121 745 1163 τε
780 1097 835 1164 καί
866 1099 997 1184 Μάρων
1023 1095 1244 1183 Ὀρσιφάντου

237 1207 360 1282 παῖδες.
405 1203 574 1270 Θεσπιέων
606 1200 643 1268 δὲ
673 1203 843 1288 εὐδοκίμεε
872 1205 1011 1288 μάλιστα
1039 1213 1085 1292 τῷ
1116 1205 1245 1289 οὔνομα

186 1306 288 1394 ννεῆν
316 1311 536 1395 Διθύραμβος
557 1306 768 1394 Ἁρματίδεω.
804 1317 969 1395 θαφθεῖσι
993 1310 1032 1377 δέ
1053 1327 1113 1395 σφι
1141 1311 1246 1376 αὐτοῦ

237 1418 339 1503 ταύτῃ
367 1425 405 1501 τη
427 1438 489 1500 περ
513 1418 631 1481 ἔπεσον
652 1413 708 1480 καὶ
729 1427 816 1480 τοῖσι
843 1419 1006 1502 πρότερον
1032 1419 1245 1500 τελευτήσασι

238 1523 258 1606 ἢ
285 1523 349 1589 ὑπὸ
375 1523 551 1588 Λεωνίδεω
579 1520 856 1606 ἀποπεμφθέντας
883 1527 1047 1606 οἴχεσθαι,
1075 1522 1243 1608 ἐπιγέγρα-

237 1650 316 1694 πται
337 1629 509 1714 γράμματα
532 1629 671 1711 λέγοντα
693 1629 787 1693 τάδε·

282 1735 455 1818 Μνριάσιν
477 1731 556 1800 ποτὲ
577 1735 655 1819 τῇδε
677 1737 879 1819 τριηκοσίαις
902 1733 1061 1820 ἐμάχοντο

323 1837 377 1904 Ἐκ
399 1840 660 1905 Πελοποννάσου
683 1841 828 1924 χιλιάδες
849 1839 988 1926 τέτορες.

238 1955 339 2011 ταῦτα
362 1941 423 2030 μὲν
447 1947 488 2028 δη
506 1957 592 2012 τοῖσι
609 1954 688 2010 πᾶσι
707 1945 949 2032 ἐπιγέγραπται,
968 1957 1053 2011 τοῖσι
1077 1943 1114 2012 δὲ
1132 1951 1244 2033 Σπαρ-
1315 1935 1327 1961 “’

238 2055 366 2138 τιητησι
390 2054 472 2144 ἰδίη·
1188 2069 1190 2074 “

278 2149 316 2220 Ὠ
339 2154 432 2239 ξεῖν’,
455 2156 626 2240 ἀγγέλλειν
648 2158 925 2242 Λακεδαιμονίοις
948 2156 998 2222 ὅτι
1020 2158 1097 2242 τῇδε

327 2265 477 2347 Κείμεθα
498 2273 568 2338 τοῖς
589 2266 709 2328 κείνων
732 2263 854 2347 ῥήμασι
876 2264 1080 2346 πειθόμενοι.

240 2369 533 2450 Λακεδαιμονίοισι
555 2363 616 2448 μὲν
639 2369 680 2450 δὴ
702 2377 816 2449 τοῦτο,
839 2375 885 2456 τῷ
909 2365 947 2433 δὲ
969 2369 1067 2451 μάντι
1089 2370 1181 2434 τόδε·

283 2476 410 2555 Μνῆμα
432 2474 508 2538 τόδε
530 2477 674 2537 κλεινοῖο
697 2475 876 2555 Μεγιστία,
900 2473 940 2537 δν
962 2495 1041 2538 ποτε
1064 2475 1181 2557 Μῆδοι

328 2579 512 2663 Σπερχειὸν
534 2579 683 2662 ποταμὸν
704 2589 837 2642 κτεῖναν
860 2582 1090 2662 ἀμειψάμενοι,

284 2687 446 2765 Μάντιος,
470 2683 506 2761 δς
527 2687 600 2750 τότε
618 2687 731 2769 Κῆρας
753 2681 970 2767 ἐπερχομένας
992 2685 1083 2769 σάφα
1107 2686 1204 2762 εἰδὼς

330 2785 401 2856 Οὐκ
423 2792 497 2872 ἔτλη
521 2788 676 2884 Σπάρτης
697 2788 860 2871 ἡγεμόνας
882 2794 1065 2874 προλιπεῖν.

242 2897 461 2984 ἐπιγράμμασι
483 2892 543 2979 μέν
565 2917 630 2960 νυν
652 2891 707 2958 καὶ
731 2896 879 2978 στήλησι,
904 2893 964 2972 ἔξω
987 2894 1008 2979 ἢ
1031 2897 1069 2960 τὸ
1087 2906 1148 2962 τοῦ
1166 2898 1246 2982 μάν·
1312 2932 1322 2956 ι

241 3028 311 3083 τιος
333 3005 529 3087 ἐπίγραμμα,
550 2994 784 3085 Ἀμφικτύονίς
806 3002 875 3063 είσί
896 3016 1000 3082 σφεας
1023 3002 1059 3066 οί
1074 3002 1247 3088 ἐπικοσμη-

242 3128 371 3186 σαντες·
401 3109 438 3172 τὸ
469 3103 507 3172 δὲ
537 3115 598 3172 τοῦ
627 3107 760 3191 μάντιος
788 3109 977 3188 Μεγιστίεω
1004 3111 1198 3192 Σιμωνίδης
1229 3109 1247 3175 δ

242 3212 457 3296 Λεωπρέπιός
480 3212 548 3278 έστι
570 3215 651 3278 κατὰ
674 3213 799 3294 ξεινίην
823 3211 841 3277 ὁ
865 3211 1057 3298 ἐπιγράψας.

191 3340 241 3390 νεο
330 3320 404 3384 Δύο
428 3315 465 3384 δὲ
486 3319 614 3384 τούτων
636 3329 703 3384 τῶν
725 3321 925 3403 τριηκοσίων
948 3317 1076 3401 λέγεται
1093 3321 1248 3406 Εὔρυτόν

242 3448 277 3490 τε
294 3422 607 3510 μαλἈριστάδημον,
626 3425 750 3509 παρεὸν
769 3423 900 3490 αὐτοῖσι
914 3424 1130 3510 ἀμφοτέροισι
1144 3437 1247 3516 κοινῷ
1318 3509 1319 3516 ρ

244 3533 330 3613 λόγῳ
358 3527 592 3613 χρησαμένοισι
618 3529 639 3612 ἣ
668 3529 887 3612 ἀποσωθῆναι
910 3530 994 3614 ὁμοῦ
1022 3530 1055 3608 ές
1078 3533 1247 3614 Σπάρτην,
1318 3525 1319 3547 ¹
