2632 3970
416 289 548 346 LIB.1x.
585 289 661 345 CAP.
683 297 799 347 19-23.
1043 291 1108 356 333

109 427 147 495 δέ
169 441 235 496 τών
257 433 366 498 άλλωυ
386 429 558 517 Ἀθηναῖοι
580 433 778 512 ὑπεδέξαντο
799 432 854 499 καὶ
870 431 1057 519 Ἀθηναίων
1076 436 1112 501 οί

108 538 290 620 τριηκόσιοι
303 538 452 621 λογάδες,
465 548 532 603 τών
546 537 698 622 ἐλοχήγεε
708 535 971 623 Ὀλυμπιόδωρος
985 539 1002 604 δ
1017 541 1106 624 Λάμ-

108 663 227 718 πωνος.
264 637 356 708 οὗτοι
373 638 459 726 ήσαν
478 643 513 708 οί
527 666 562 708 τε
580 642 817 728 ὑποδεξάμενοι
835 641 890 707 καὶ
911 645 946 708 οί
960 646 1023 729 πρὸ
1041 657 1108 710 τῶν
1126 665 1160 713 22

109 747 220 812 άλλωυ
236 758 303 813 τῶν
320 751 511 834 παρεόντων
521 745 689 833 Ἑλλήνων
703 749 736 826 ἐς
746 744 909 835 Ἐρυθράς
921 750 1108 834 ταχθέντες,

108 855 187 929 τοὺς
208 853 341 932 τοξότας
363 857 609 941 προσελόμενοι.
650 853 845 940 μαχομένων
863 853 903 918 δέ
923 871 1036 939 σφεων
1056 854 1108 921 ἐπὶ

108 961 231 1043 χρόνον
246 958 339 1036 τέλος
351 961 481 1025 τοιόνδε
495 959 624 1044 ἐγένετο
638 969 695 1044 τῆς
709 962 825 1045 μάχης·
838 961 1109 1045 προσβαλλούσης

108 1073 166 1146 τῆς
183 1065 285 1130 ἵππου
303 1067 383 1130 κατά
401 1064 494 1131 τέλεα
512 1066 530 1131 δ
545 1070 734 1131 Μασιστίου
751 1064 902 1151 προέχων
919 1077 986 1130 τών
1000 1067 1109 1130 άλλωυ

109 1171 207 1246 ἵππος
229 1171 381 1255 βάλλεται
399 1170 570 1256 τοξεύματι
587 1173 628 1237 τά
645 1173 780 1256 πλευρά,
804 1171 947 1255 ἀλγήσας
965 1167 1002 1236 δέ
1020 1171 1108 1235 ἵστα-

108 1279 166 1341 ταί
185 1300 219 1342 τε
242 1277 347 1362 ὀρθὸς
369 1276 424 1343 καὶ
447 1278 632 1344 ἀποσείεται
654 1279 713 1344 τὸν
735 1281 934 1344 Μασίστιον.
974 1279 1109 1342 πεσόντι

109 1380 147 1447 δὲ
179 1382 267 1470 αὐτῷ
300 1385 335 1448 οί
357 1379 528 1468 Ἀθηναῖοι
560 1385 676 1450 αὐτίκα
708 1383 869 1450 ἐπεκέατο.
914 1386 973 1448 τόν
999 1405 1034 1447 τε
1067 1383 1107 1466 δὴ

109 1489 210 1553 ἵππον
237 1489 340 1554 αὐτοῦ
365 1491 571 1574 λαμβάνουσι
592 1489 647 1554 καὶ
670 1490 772 1556 αὐτὸν
795 1490 1004 1574 άμυνόμενον
1026 1491 1108 1552 κτεί-

108 1611 217 1678 νουσι,
231 1592 302 1659 κατ’
321 1595 420 1680 άρχάς
434 1596 475 1660 οὐ
490 1596 678 1679 δυνάμενοι.
702 1595 915 1660 ἐνεσκεύαστο
930 1595 992 1679 ηδιρ
1008 1593 1108 1658 οὕτω·

109 1699 202 1776 ἐντὸς
223 1701 361 1786 θώρηκα
385 1695 449 1785 εἶχε
471 1701 613 1786 χρύσεον
636 1702 832 1784 λεπιδωτόν,
862 1702 1048 1784 κατύπερθε
1071 1696 1108 1763 δέ

107 1815 169 1870 τοῦ
191 1807 344 1890 θώρηκος
361 1812 491 1870 κιθῶνα
509 1808 681 1888 φοινίκεον
700 1806 896 1870 ἐνεδεδύκεε.
933 1807 1109 1879 τύπτοντες

109 1910 147 1977 δὲ
170 1912 203 1988 ἐς
224 1913 283 1976 τὸν
305 1913 443 1994 θώρηκα
466 1911 598 1976 ἐποίευν
622 1910 737 1993 οὐδέν,
764 1915 843 1995 πρίν
864 1935 902 1994 γε
926 1912 966 1994 δή
990 1910 1109 1994 μαθών

107 2040 158 2094 τις
183 2018 220 2081 τὸ
243 2018 440 2101 ποιεύμενον
462 2019 551 2080 παίει
573 2039 631 2099 μιν
654 2015 687 2092 ἐς
708 2016 767 2080 τὸν
791 2015 976 2100 ὀφθαλμόν.
1022 2015 1108 2079 οὕτω

110 2122 150 2205 δὴ
183 2121 279 2186 ἔπεσέ
305 2145 339 2187 τε
370 2119 424 2186 καὶ
454 2120 609 2187 άπέθανε.
654 2129 755 2186 ταῦτα
788 2119 827 2186 δέ
855 2145 920 2197 κως
951 2122 1109 2204 γινόμενα

109 2227 262 2309 ἐλελήθεε
289 2230 367 2304 τοὺς
392 2228 513 2302 άλλους
541 2225 667 2303 ίππέας·
700 2227 776 2292 οὔτε
802 2228 865 2312 γάρ
888 2227 1029 2291 πεσόντα
1051 2250 1109 2310 μιν

109 2328 201 2397 εἶδον
237 2333 299 2398 άπὸ
334 2342 394 2398 τοῦ
431 2333 532 2397 ἵππου
568 2333 643 2397 οὔτε
679 2331 951 2416 ἀποθνήσκοντα,
983 2331 1109 2416 άναχω-

110 2440 223 2523 ρήσιός
244 2461 278 2503 τε
307 2436 483 2522 γενομένης
509 2435 564 2503 καί
591 2438 802 2525 ὑποστροφῆς
829 2439 890 2504 οὐκ
917 2441 1044 2522 ἔμαθον
1070 2440 1108 2502 τὸ

108 2547 294 2628 γινόμενον.
341 2543 445 2609 ἐπείτε
473 2540 509 2608 δὲ
532 2547 688 2628 ἐστησαν,
716 2545 832 2609 αὐτίκα
856 2544 1036 2625 ἐπόθεσαν,
1065 2544 1109 2618 ώς

108 2667 214 2734 σφεας
240 2647 351 2725 οὐδεὶς
377 2643 419 2732 ἦν
443 2648 460 2714 δ
483 2649 627 2714 τάσσων·
655 2651 819 2733 μαθόντες
842 2645 878 2712 δέ
900 2649 937 2711 τὸ
960 2650 1108 2730 γεγονός,

110 2755 397 2838 διακελευσάμενοι
424 2755 571 2837 ήλαυνον
598 2755 676 2829 τοὺς
698 2754 817 2828 ἵππους
840 2753 973 2835 πάντες,
1002 2752 1045 2828 ώς
1068 2751 1110 2816 άν

107 2866 167 2928 τόν
199 2885 236 2946 γε
267 2861 386 2946 νεκρὸν
418 2859 597 2925 άνελοίατο.
648 2860 775 2935 ίδόντες
805 2854 842 2922 δὲ
878 2858 913 2922 οί
938 2854 1110 2940 Ἀθηναῖοι
1128 2877 1162 2926 23

109 2967 218 3034 οὐκέτι
245 2967 326 3032 κατά
353 2964 446 3030 τέλεα
473 2964 759 3050 προσελαύνοντας
785 2965 863 3039 τοὺς
891 2960 1006 3039 ἱππέας
1033 2959 1106 3026 ἀλλ’

109 3075 175 3158 ἅμα
200 3073 339 3154 πάντας,
367 3071 428 3154 τήν
455 3072 559 3153 άλλην
582 3071 738 3154 στρατιήν
760 3069 976 3152 ἐπεβώσαντο.
1023 3067 1060 3132 ἐν
1082 3057 1109 3155 ᾧ

110 3177 147 3244 δε
170 3180 300 3257 ὁπεζδς
322 3178 406 3252 άπας
428 3174 616 3258 ἐπεβοήθεε,
640 3175 676 3240 ἐν
698 3175 804 3262 τούτῳ
828 3175 912 3258 μάχη
937 3171 1011 3250 ὀξέα
1033 3172 1109 3258 περὶ

108 3295 169 3350 τοῦ
187 3293 307 3370 νεκροῦ
326 3286 460 3366 γίνεται.
493 3279 553 3356 ἕως
571 3278 632 3364 μέν
648 3305 711 3346 νυν
730 3289 849 3364 μοῦνοι
867 3275 952 3362 ἦσαν
971 3279 1006 3342 οί
1020 3303 1110 3364 τριη-

109 3393 226 3473 κόσιοι,
250 3388 409 3455 ἑσσοῦντό
430 3411 466 3452 τε
492 3387 616 3452 πολλὸν
639 3384 692 3450 καὶ
714 3387 773 3451 τὸν
796 3387 914 3470 νεκρὸν
937 3382 1110 3452 άπέλιπον·

110 3497 155 3572 ώς
178 3494 216 3560 δέ
236 3511 297 3579 σφι
318 3495 355 3558 τὸ
378 3498 506 3576 πλῆθος
529 3491 747 3577 ἐπεβοήθησε,
772 3493 857 3558 οὕτω
881 3492 922 3576 δή
946 3489 1054 3558 οὐκέτι
1078 3493 1113 3558 οί
