2678 3970
421 273 488 328 LIB.
504 276 562 332 vll.
597 275 674 332 οΑΡ.
694 282 816 332 ιι-εο.
1057 275 1121 340 165

115 439 168 482 τοι
194 413 300 501 μηδὲν
322 417 475 497 ἀντίξοον
502 429 716 503 καταστῆναι,
743 421 890 508 τοσούτῳ
917 443 969 486 τοι
995 424 1122 504 γίνεται

115 523 340 610 πολεμιωτέρη
374 525 440 613 ὅσῳ
474 524 515 590 ἀν
547 529 729 611 προβαίνῃς
751 523 925 614 ἑκαστέρω,
943 528 980 592 τὸ
1008 529 1120 611 πρόσω

115 627 182 694 αίεὶ
207 633 439 716 κλεπτόμενος·
470 631 646 717 εὐπρηξίης
674 628 711 698 δέ
738 631 798 697 οὐκ
821 635 890 696 ἐστι
913 631 1121 718 ἀνθρώποισι

116 735 257 820 ούδεμία
279 739 451 823 πληθώρη.
496 736 551 803 καὶ
575 739 617 822 δή
639 761 705 820 τοι,
729 738 774 814 ὡς
796 738 934 814 οὐδενὸς
958 738 1121 803 ἐναντιευ-

115 841 229 926 μένου,
252 841 337 926 λέγω
359 845 421 926 τὴν
443 845 555 929 χώρην
573 849 698 909 πλεῦνα
717 843 753 909 ἐν
771 849 887 909 πλεύνι
904 846 1012 931 χρόνῳ
1031 867 1121 926 γινο·

115 946 220 1032 μένην
242 950 339 1033 λιμὸν
361 948 522 1027 τέξεσθαι.
564 949 648 1034 ἀνὴρ
672 945 708 1015 δέ
732 951 817 1015 οὕτω
841 949 955 1034 ἀνείη
979 950 1120 1045 ἀριστος,

116 1055 148 1118 εί
167 1056 409 1140 βουλευόμενος
432 1051 492 1140 μὲν
516 1055 690 1142 ἀρρωδέοι,
713 1065 779 1122 πᾶν
802 1056 1032 1140 ἐπιλεγόμενος
1054 1057 1121 1118 πεί-

116 1167 236 1229 σεσθαι
258 1170 376 1247 χρῆμα,
400 1161 436 1226 ἐν
461 1157 497 1227 δέ
519 1169 564 1249 τῷ
589 1165 674 1248 έργῳ
697 1164 827 1247 θρασύς
850 1168 910 1245 εἴη.
956 1161 1122 1246 ἀμείβεται

114 1265 239 1351 Ξέρξης
261 1269 400 1332 τοισίδε·
421 1265 609 1351 Ἀρτάβανε,
634 1271 768 1345 οίτιότως
791 1266 851 1352 μὲν
875 1268 917 1333 σύ
935 1291 973 1351 γε
994 1267 1122 1332 τούτων
1140 1281 1173 1332 50

116 1373 235 1438 έτιαστα
268 1371 425 1458 διαιρέαι,
457 1373 537 1457 ἀτὰρ
570 1376 650 1458 μήτε
681 1374 788 1438 πάντα
818 1372 922 1458 φοβέο
950 1365 1037 1457 μήτε
1057 1381 1121 1437 πᾶν

117 1479 238 1563 ὁμοίως
261 1478 416 1562 ἐπιλέγεο.
453 1481 484 1544 εί
504 1481 567 1565 γάρ
591 1481 631 1563 δὴ
655 1481 792 1565 βούλοιο
812 1477 865 1545 ἐπὶ
883 1487 928 1567 τῳ
948 1477 1012 1545 αίεὶ
1030 1479 1121 1544 ἐπεσ-

116 1583 290 1672 φερομένῳ
312 1587 477 1670 πρήγματι
498 1587 536 1651 τὸ
559 1595 626 1650 πᾶν
645 1585 766 1669 ὁμοίως
785 1584 1005 1668 ἐπιλέγεσθαι,
1028 1587 1121 1668 ποιή·

116 1707 207 1768 σειας
230 1689 271 1756 ἀν
294 1691 424 1775 ούδαμά
447 1690 561 1757 οὐδέν·
584 1690 726 1777 κρέσσον
750 1688 787 1756 δέ
810 1693 916 1756 πάυτα
933 1690 1121 1778 θαρσέοντα

115 1799 217 1882 ἥμισυ
240 1807 308 1862 τῶν
331 1799 451 1862 δεινῶν
474 1799 612 1882 πάσχειν
634 1802 760 1882 μᾶλλον
782 1796 803 1881 ἢ
826 1807 893 1863 πᾶν
913 1807 1020 1883 χρῆμα
1042 1818 1122 1883 προ·
1219 1880 1225 1889 ·

8 1926 14 1956 ι
115 1906 329 1988 δειμαίνοντα
351 1905 485 1988 μηδαμά
507 1900 611 1988 μηδὲν
634 1909 764 1968 παθεῖν.
804 1905 834 1968 εί
852 1900 888 1968 δέ
907 1903 1022 1988 ἐρίζων
1040 1905 1122 1988 πρὸς

114 2019 182 2075 πᾶν
209 2011 451 2094 τὸλεγόμενον
478 2011 522 2095 μὴ
550 2011 587 2075 τὸ
611 2009 747 2093 βέβαιον
770 2007 953 2092 ἀποδέξεις,
981 2009 1121 2091 σφάλλε-

116 2122 200 2182 σθαι
222 2115 366 2198 ὀφείλεις
389 2115 426 2181 ἐν
448 2116 578 2181 αύτοϊσι
601 2115 722 2200 ὁμοίως
740 2113 795 2180 καὶ
813 2114 831 2182 ὁ
850 2115 1029 2180 ὑπεναντία
1046 2115 1121 2180 τού-

116 2238 203 2288 τοισι
226 2221 326 2300 λέξας.
372 2230 470 2288 τοῦτο
494 2220 554 2306 μέν
577 2245 641 2286 νυν
664 2215 713 2286 ἐπ’
740 2227 813 2304 ίσης
835 2223 914 2305 ἐχει·
938 2219 1061 2286 είδέναι
1084 2217 1121 2286 δὲ

115 2330 299 2414 ἄνθρωπον
318 2327 415 2393 έόντα
433 2338 498 2404 κῶς
515 2329 577 2412 χρὴ
595 2329 632 2392 τὸ
651 2325 801 2410 βέβαιον;
827 2326 930 2393 δοκέω
947 2323 1008 2412 μὲν
1022 2327 1121 2392 ούδα-

116 2443 193 2518 μῶς.
234 2444 321 2498 τοῖσι
342 2436 459 2498 τοίνυν
482 2431 715 2517 βουλομένοισι
732 2431 857 2498 ποιέειν
879 2434 923 2510 ὡς
945 2435 982 2498 τὸ
1001 2433 1120 2499 ἐπίπαν

116 2537 223 2624 φιλέει
245 2542 399 2623 γίνεσθαι
422 2541 462 2604 τά
484 2537 612 2624 κέρδεα,
636 2549 722 2604 τοῖσι
745 2535 782 2604 δέ
805 2539 1068 2623 ἐπιλεγομένοισί
1085 2563 1120 2606 τε

116 2646 223 2710 πάντα
253 2643 309 2710 καὶ
336 2644 490 2710 ὀκνέουσι
517 2645 558 2711 ού
585 2645 671 2729 μύλα
698 2643 815 2710 ἐθέλει.
861 2645 941 2731 δρᾷς
967 2645 1008 2710 τὰ
1034 2650 1121 2730 Περ-

117 2750 204 2818 σέων
231 2753 404 2836 πρήγματα
431 2749 464 2828 ές
489 2750 507 2816 δ
534 2751 693 2834 δυυάμιος
719 2751 956 2836 προκεχώρηκε.
999 2751 1030 2814 εί
1054 2753 1120 2814 τοί-

116 2882 182 2925 νυν
209 2857 330 2924 ἐκείνοι
357 2857 393 2923 οί
411 2859 475 2943 πρὸ
499 2856 577 2940 ἐμεῦ
600 2859 775 2942 γενόμενοι
802 2853 950 2939 βασιλέες
971 2855 1120 2939 γνύμησι

117 2962 278 3050 ἐχρέωντο
310 2961 443 3046 ὁμοίῃσι
469 2959 524 3026 καὶ
551 2962 608 3044 σύ,
640 2961 661 3045 ἣ
694 2962 737 3046 μὴ
765 2961 946 3047 χρεώμενοι
970 2960 1121 3044 γνώμηοι

116 3069 288 3154 τοιαύτησι
319 3069 440 3143 ἀλλους
473 3068 683 3152 συμβούλους
714 3061 805 3150 είχον
836 3065 1022 3147 τοιούτους,
1059 3065 1121 3130 ούκ

8 3199 9 3258 j
117 3177 159 3240 ἀν
182 3197 257 3240 κοτε
281 3168 365 3252 εἶδες
388 3173 471 3254 αύτά
494 3172 527 3249 ές
548 3181 645 3237 τοῦτο
668 3172 891 3256 προελθόντα·
914 3179 978 3235 νῦν
997 3167 1033 3236 δὲ
1051 3195 1120 3236 κιν-

8 3271 9 3286 ³
118 3283 243 3357 δύνους
275 3277 546 3365 ἀναρριπτέοντες
578 3277 611 3354 ἐς
637 3279 735 3342 τοῦτό
767 3291 853 3361 σφεα
882 3277 1120 3363 προηγάγοντο.

117 3387 243 3470 μεγάλα
261 3387 323 3470 γάρ
341 3387 514 3470 πρήγματα
532 3384 702 3468 μεγάλοισι
719 3383 906 3448 κινδύνοισι
924 3382 1032 3448 ἐθέλει
1046 3408 1120 3450 κατ-

117 3491 299 3577 αιρέεσθαι.
343 3491 436 3576 ἡμεῖς
464 3492 579 3555 τοίνυν
609 3489 818 3574 ὁμοιεύμενοι
848 3487 1002 3555 ἐκείνοισι
1030 3490 1120 3574 ὥρην
