2678 3970
565 792 873 868 ΗΡΟΔΟΤΟΤ

689 945 747 987 ΤΟΥ

260 1051 676 1120 ΑΔΙΚΑΡΝΗΣΣΕΟΣ
704 1050 945 1117 ΙΣΤΟΡΙΩΝ
971 1049 1178 1117 ΕΒΔΟΜΗ

462 1193 751 1244 εοΠευΡλσουεοεΗ
768 1191 971 1244 nomm.

181 1465 197 1514 ς
305 1438 415 1504 mm
433 1438 489 1504 ιο
512 1438 533 1523 η
556 1390 690 1522 meac„
714 1438 845 1504 επιεεεο
868 1435 943 1522 περ
964 1446 1021 1522 της
1039 1438 1142 1523 „dmg
1159 1448 1221 1522 της

219 1544 255 1610 έν
282 1549 473 1631 Μαραθῶνι
499 1542 679 1629 γενομένης
704 1545 792 1629 παρά
819 1542 954 1626 βασιλέα
983 1549 1130 1628 Δαρεῖον
1156 1545 1220 1610 τὸν

213 1647 406 1726 Ὑστάσπεος
423 1648 478 1715 καὶ
496 1647 575 1734 πρὶν
594 1650 740 1733 μεγάλως
757 1648 1001 1735 κεχαραγμένον
1018 1634 1105 1715 τοῖσι
1119 1645 1221 1734 Ἀθη-
1331 1715 1332 1718 ,

217 1759 343 1822 ναίοισι
371 1757 426 1820 διολ
447 1756 508 1839 τὴν
531 1754 564 1832 ές
586 1755 713 1841 Σάρδις
735 1753 894 1838 ἐσβολήν,
920 1752 976 1819 καὶ
1004 1756 1045 1822 δελ
1068 1753 1123 1820 καὶ
1143 1758 1221 1822 τότε

217 1867 329 1949 πολλῷ
352 1883 387 1926 τε
415 1862 583 1947 δεινότερα
611 1860 716 1926 ἐποίεε
742 1857 797 1925 καὶ
820 1864 945 1943 μᾶλλον
967 1861 1098 1946 ὥρμητο
1120 1878 1220 1946 στρα-

217 1969 375 2034 τεύεσθαι
401 1964 454 2032 έπὶ
480 1967 540 2050 τὴν
563 1962 710 2032 Ἑλλάδα.
751 1963 806 2030 καὶ
833 1964 949 2030 αὐτίκα
975 1961 1036 2049 μὲν
1063 1965 1220 2050 έπηγγέλ-
1324 1997 1331 2029 ο

218 2078 293 2140 λετο
311 2071 448 2158 πέμπων
466 2072 624 2157 ἀγγέλους
641 2072 723 2136 κατά
740 2075 835 2148 πόλις
853 2069 1031 2156 ἑτοιμάζειν
1050 2075 1219 2157 στρατιήν.

218 2183 329 2267 πολλῷ
348 2178 434 2244 πλέω
454 2178 637 2244 ἐπιτάσσων
656 2175 817 2242 ἑκάστοισι
835 2177 855 2261 ἢ
873 2180 1035 2264 πρότερον
1049 2189 1219 2264 παρεῖχον,

219 2282 274 2350 καὶ
296 2283 373 2360 νέας
394 2306 429 2348 τε
450 2281 505 2349 καὶ
523 2283 642 2359 ἵππους
662 2280 717 2347 καὶ
734 2292 827 2348 σῖτον
847 2281 914 2365 [καὶ
931 2287 1053 2366 πλοία].
1091 2284 1220 2349 τούτων

220 2385 258 2454 δὲ
280 2387 604 2472 περιαγγελλομένων
632 2387 653 2471 ἡ
677 2384 767 2471 Ἀσίη
791 2389 939 2455 ἐδονέετο
963 2387 1016 2455 έπὶ
1037 2391 1111 2474 τρία
1134 2391 1220 2472 ἔτεα,

219 2491 488 2577 καταλεγομένων
514 2515 549 2557 τε
575 2503 642 2558 τῶν
669 2493 812 2578 άρίστων
844 2495 888 2571 ὡς
915 2493 967 2560 έπλ
993 2495 1054 2578 τὴν
1076 2492 1219 2560 Ἑλλάδα

221 2595 510 2686 στρατευσαμένων
538 2596 593 2664 καὶ
619 2599 964 2684 παρασκευαζομένων.
1008 2600 1150 2688 τετάρτῳ
1181 2595 1220 2665 δὲ

221 2709 288 2772 ἔτει·
303 2704 479 2787 Αἰγύπτιοι
501 2703 565 2769 ὑπὸ
584 2704 768 2789 Καμβύσεω
788 2705 1014 2783 δουλωθέντες
1032 2705 1221 2788 ἀπέστησαν

221 2812 285 2878 άπὸ
312 2809 478 2896 Περσέων.
523 2810 669 2876 ἐνθαῦτα
696 2811 737 2894 δὴ
769 2809 823 2876 καλ
850 2816 975 2896 μᾶλλον
1006 2812 1137 2898 ὥρμητο
1164 2809 1221 2876 καὶ

184 2915 271 2989 μέτ’
306 2914 513 3003 ἀμφοτέρους
544 2916 790 3002 στρατεύεσθαι.
834 2916 1052 3002 στελλομένου
1086 2915 1123 2984 δὲ
1150 2924 1220 2984 Δα-
1329 2931 1335 2960 ¹

222 3027 314 3111 ρείου
346 3019 395 3088 ἐπ’
422 3028 592 3106 Αίγυπτον
618 3020 674 3087 καὶ
698 3016 841 3107 Ἀθήνας
866 3033 934 3088 τῶν
960 3026 1089 3089 παίδων
1116 3024 1221 3090 αὐτοῦ

221 3131 334 3207 στάσις
356 3127 484 3212 ἐγένετο
507 3128 629 3214 μεγάλη
652 3124 802 3213 περὶτῆς
821 3127 1008 3214 ἡγεμονίης,
1032 3130 1076 3206 ὡς
1095 3131 1148 3196 δεῖ
1162 3153 1222 3212 μιν

221 3233 426 3311 ἀποδέξαντα
457 3232 592 3317 βασιλέα
618 3235 699 3300 κατά
726 3233 785 3298 τὸν
815 3233 973 3320 Περσέων
1001 3237 1107 3319 νόμον
1134 3234 1221 3299 οὕτω

221 3338 468 3423 στρατεύεσθαι.
502 3334 587 3422 ἦσαν
604 3340 667 3424 γὰρ
685 3341 818 3428 Δαρείῳ
837 3337 891 3405 καὶ
908 3341 1073 3426 πρότερον
1089 3340 1110 3424 ἢ
1129 3343 1222 3423 βασι-

222 3450 338 3510 λεῦσαι
351 3445 523 3526 γεγονότες
536 3453 622 3528 τρεῖς
635 3445 750 3520 παῖδες
763 3443 799 3510 έκ
811 3453 868 3530 τῆς
881 3442 1041 3530 προτέρης
1054 3446 1222 3528 γυναικός,
