2572 3980
411 255 477 313 ΜΒ.
493 257 526 313 V.
564 256 641 312 cAP.
660 263 783 314 ει-ει.
1057 257 1100 322 ‘27

91 402 303 486 παρασάγγαι
322 397 359 466 δὲ
377 399 411 480 ἓξ
430 398 484 466 καὶ
502 403 706 484 πεντήκοντα
724 398 778 465 καὶ
797 403 909 485 ἥμισυ,
928 400 982 468 καὶ
997 407 1102 485 φυλα-

91 511 230 593 κτήριον
248 507 285 572 ἐν
304 506 444 572 αὐτοῖσι.
480 504 622 590 ποταμοὶ
641 503 677 572 δέ
696 506 932 591 νηυσιπέρητοι
953 506 1103 593 τέσσερες

92 615 148 680 διά
173 613 295 695 ταύτης
317 611 446 698 ῥέουσι,
474 614 553 688 τοὺς
575 621 663 677 πᾶσα
686 611 810 696 ἀνάγκη
835 613 1106 698 διαπορθμεῦσαί

91 719 176 801 ἐστι,
209 728 338 802 πρῶτος
370 715 432 802 μὲν
462 721 598 803 Τίγρης,
631 719 711 802 μετά
743 713 780 782 δὲ
808 718 961 802 δεύτερός
986 742 1022 783 τε
1048 715 1103 784 καὶ

92 828 202 908 τρίτος
229 823 335 900 ὡυτὸς
362 824 619 908 ὀνομαζόμενος,
649 823 710 888 οὐκ
737 823 842 900 ὡυτὸς
869 823 933 888 ἐὼν
959 825 1103 908 ποταμὸς

90 928 172 996 οὐδὲ
196 929 232 995 έιι
253 938 314 994 τοῦ
337 929 440 995 αὐτοῦ
463 929 566 1014 ῥέων·
596 929 615 994 δ
639 925 700 1013 μὲν
722 931 785 1014 γάρ
809 931 968 1014 πρότερος
992 929 1102 994 αὐτῶν

89 1033 305 1120 καταλεχθεὶς
323 1033 356 1114 ἐξ
375 1031 556 1120 Ἀρμενίων
574 1033 652 1119 ῥέει,
677 1034 694 1100 ὁ
715 1029 746 1099 δ’
766 1035 904 1120 ὕστερος
922 1032 957 1100 ἔτι
975 1037 1103 1118 Ματιη-

89 1153 171 1207 νῶν.
204 1139 224 1207 ὀ
243 1136 280 1205 δὲ
298 1140 452 1220 τέταρτος
468 1152 535 1206 τῶν
553 1150 710 1225 ποταμῶν
729 1141 857 1224 ούνομα
876 1143 942 1224 ἔχει
960 1141 1102 1223 Γύνδης,

92 1249 153 1313 τὸν
167 1250 282 1332 Κῦρος
296 1245 430 1330 διέλαβέ
442 1269 517 1312 νοτε
537 1246 570 1323 ἐς
589 1247 754 1331 διώρυχας
772 1245 929 1328 ἑξήκοντα
946 1243 1001 1310 ναὶ
1013 1269 1103 1329 τριη-

90 1356 216 1430 κοσίας.
252 1351 289 1417 ἐκ
312 1349 349 1417 δὲ
371 1353 494 1436 ταύτης
515 1361 573 1435 τῆς
588 1349 759 1438 Ἀρμενίης
781 1351 973 1436 έσβάλλοντι
992 1349 1025 1427 ἐς
1042 1352 1103 1434 τὴν

90 1459 272 1542 Ματιηνὴν
302 1467 367 1542 γῆν
399 1461 548 1543 σταθμοί
576 1460 641 1523 είσι
669 1457 819 1543 τέσσερες
843 1505 958 1523 .....
1004 1455 1039 1522 ἐκ
1066 1453 1103 1522 δὲ

89 1566 212 1648 ταύτης
243 1563 278 1641 ές
308 1565 369 1648 τὴν
401 1567 546 1647 Κισσίην
580 1565 692 1650 χώρην
724 1566 956 1648 μεταβαίνοντι
986 1561 1103 1627 ἕνδεκα

90 1672 253 1754 σταθμοί,
285 1669 495 1754 παρασάγγαι
528 1665 565 1734 δὲ
601 1670 664 1734 δύο
695 1667 750 1733 καὶ
780 1669 1018 1754 τεσσεράκοντα
1048 1665 1103 1731 καὶ

89 1777 193 1862 ἥμισύ
222 1775 291 1841 ἐστι
318 1773 372 1840 ἐπὶ
399 1776 547 1859 ποταμὸν
575 1775 749 1858 Χοάσπην,
780 1774 877 1839 ἐόντα
903 1772 958 1839 καὶ
984 1781 1103 1838 τοῦτον

88 1880 349 1967 νηυσιπέρητον,
379 1877 429 1946 ἐπ’
456 1872 483 1970 ᾧ
509 1885 627 1945 Σοῦσα
649 1883 744 1956 πόλις
766 1883 966 1946 πεπόλισται.
1011 1874 1104 1944 οὗτοι

90 1991 128 2055 οί
148 1989 267 2064 πάντες
291 1990 440 2071 σταθμοί
459 1988 523 2052 είσι
547 1986 664 2050 ἕνδεκα
682 1983 737 2050 καὶ
757 1984 881 2050 έαατόν.
917 1981 1104 2068 καταγωγαί

91 2094 156 2180 μέν
178 2117 243 2158 νυν
262 2099 422 2177 σταθμῶν
444 2095 607 2158 τοσαῦταί
622 2093 686 2156 είσι
705 2090 740 2156 έιι
759 2092 918 2175 Σαρδίων
936 2089 969 2166 ές
987 2094 1103 2155 Σοῦσα

89 2202 322 2284 ἀναβαίνοντι·
351 2199 383 2263 εί
409 2197 446 2263 δὲ
470 2198 582 2282 ὀρθῶς
604 2195 800 2282 μεμέτρηται
821 2195 842 2278 ἡ
866 2195 945 2272 ὀδὸς
966 2195 987 2278 ἡ
1010 2198 1100 2278 βασι-
1121 2212 1155 2263 53

89 2311 167 2391 ληίη
200 2315 287 2370 τοῖσι
318 2303 550 2389 παρασάγγῃσι
581 2300 636 2368 καὶ
669 2302 687 2367 ὁ
720 2301 934 2385 παρασάγγης
965 2301 1104 2366 δύναται

88 2416 270 2498 τριήκοντα
282 2410 425 2492 στάδια,
452 2411 560 2494 ὥσπερ
585 2403 683 2484 οὗτός
705 2431 742 2491 γε
766 2409 906 2472 δύναται
928 2415 1045 2490 ταῦτα,
1068 2405 1104 2472 ἐκ

89 2520 253 2603 Σαρδίων
277 2515 394 2581 στάδιά
416 2514 485 2580 έστι
508 2514 543 2591 ἐς
564 2516 720 2598 βασιλήια
740 2514 780 2578 τά
798 2515 974 2598 Μεμνόνια
991 2515 1104 2578 καλεό-

89 2649 175 2712 μενα
195 2625 395 2688 πεντακόσια
413 2618 470 2684 καὶ
488 2624 653 2706 τρισχίλια
671 2617 726 2684 καὶ
745 2619 846 2704 μύρια
864 2617 1104 2703 παρασαγγέων

90 2733 218 2798 ἐόντων
248 2729 453 2811 πεντήκοντα
479 2723 534 2791 καὶ
561 2728 791 2809 τετρακοσίων.
836 2725 1039 2805 πεντήκοντα
1066 2719 1104 2787 δὲ

88 2835 145 2904 καὶ
169 2835 286 2902 ἑκατὸν
311 2833 429 2898 στάδια
453 2825 504 2897 ἐπ’
529 2829 633 2916 ἡμέρη
658 2829 775 2916 ἑκάστη
800 2827 959 2906 διεξιοῦσι
977 2826 1104 2892 ἀναισι-

89 2941 231 3028 μοῦνται
260 2939 380 3025 ἡμέραι
406 2934 526 3019 ἀπαρτὶ
554 2936 760 3019 ἐνενήκοντα.
807 2934 893 2998 οὕτω
921 2941 966 3020 τῷ
995 2936 1103 3014 Μιλη-
1122 2948 1156 2998 σε

90 3053 152 3138 σίῳ
183 3044 399 3132 Ἀρισταγόρῃ
433 3049 562 3110 εἴπαντι
588 3043 671 3125 πρὸς
697 3037 887 3123 Κλεομένεα
913 3038 972 3102 τὸν
999 3041 1103 3102 Λακε-

91 3157 268 3240 δαιμόνιον
300 3147 386 3216 εἶναι
413 3159 516 3234 τριῶν
544 3158 659 3232 μηνῶν
686 3147 748 3228 την
776 3144 901 3208 άνοδον
928 3142 989 3226 την
1016 3144 1104 3228 παρὰ

91 3259 231 3345 βασιλέα
255 3258 367 3344 ὀρθῶς
388 3261 509 3340 εἴρητο.
551 3255 582 3318 εί
601 3251 641 3317 δέ
656 3275 705 3327 τις
723 3251 760 3314 τὸ
779 3247 1012 3334 ἀτρεκέστερον
1029 3249 1104 3313 τού-

89 3391 157 3433 των
181 3369 230 3432 έτι
255 3365 392 3446 δίζηται,
417 3360 481 3444 ἐγὼ
504 3356 679 3424 καὶτοῦτο
702 3353 869 3440 σημανέω·
901 3355 963 3438 τὴν
985 3355 1047 3439 γάρ
1071 3352 1104 3432 ἐξ

86 3469 232 3554 Ἐφέσου
266 3468 299 3546 ἐς
326 3467 454 3552 Σάρδις
486 3465 568 3531 ὁδὸν
601 3465 655 3529 δεῖ
679 3463 967 3548 προσλογίσασθαι
993 3459 1104 3543 ταύτῃ.
