2678 3970
197 255 265 320 218
609 252 799 308 HERODOTI

197 399 321 470 αὐτούς
348 398 468 481 λόγους
494 398 572 474 τοὺς
598 393 653 461 καὶ
675 397 757 482 πρὸς
778 393 913 462 Γέλωνα
940 400 1062 481 έλεχον.
1108 397 1144 464 οί
1165 395 1205 463 δὲ
1314 469 1315 474 1

198 506 384 587 παραυτίκα
414 500 475 588 μὲν
507 503 686 587 ὑπίσχοντο
719 501 860 586 πέμψειν
887 526 921 567 τε
953 500 1008 567 καὶ
1034 501 1203 587 ἀμυνέειν,

198 609 379 694 φράζοντες
402 609 446 686 ὡς
469 609 510 674 ού
528 625 589 692 σφι
611 606 786 692 περιοπτέη
806 605 875 673 ἐστὶ
892 607 913 691 ἡ
928 604 1043 684 Ἑλλὰς
1060 608 1206 674 ἀπολλυ·
1313 631 1316 702 χ

197 715 295 800 μένη·
318 715 361 799 ήν
382 717 446 801 γὰρ
469 720 594 800 σφαλῇ,
618 726 714 798 σφεῖς
735 738 773 799 γε
796 711 896 780 οὐδέν
918 715 998 780 ἄλλο
1021 715 1041 798 ή
1065 717 1204 781 δουλεύ-
1315 719 1316 784 ζ

196 838 297 888 σουσι
323 831 363 908 τῇ
390 823 502 907 πρώτη
531 833 598 886 τῶν
624 821 785 907 ἡμερέων·
818 821 900 886 ἀλλά
926 820 1129 905 τιμωρητέον
1152 827 1203 905 είη
1316 886 1317 916 ¹

197 928 233 1004 ἐς
246 929 283 993 τὸ
300 929 540 994 δυνατώτατον.
567 927 786 1011 ὑπεκρίναντο
805 923 866 1011 μέν
885 926 971 992 οὑτω
990 926 1204 1012 εὐπρόσωπα·
1312 925 1317 934 ’

199 1031 270 1101 ἐπεὶ
293 1030 330 1099 δέ
353 1035 420 1099 ἔδει
438 1032 606 1118 βοηθέειν,
629 1034 711 1098 ἀλλα
734 1031 886 1109 νοέοντες
908 1033 1103 1119 ἐπλήρωσαν
1125 1034 1206 1111 νέας

198 1139 371 1223 ἑξήκοντα,
399 1141 493 1223 μόγις
520 1135 557 1202 δέ
585 1136 785 1221 ἀναχθέντες
812 1137 1013 1223 προσέμιξαν
1034 1147 1073 1223 τῇ
1098 1143 1205 1205 Πελο-

118 1329 120 1334 ¹
198 1247 366 1334 ποννήσφ,
385 1242 533 1329 καὶπερὶ
551 1245 669 1308 Πύλον
686 1242 741 1308 καί
763 1247 929 1329 Ταίναρον
946 1253 1006 1328 ηής
1023 1253 1080 1328 τῆς
1098 1249 1203 1310 Λακε-
1317 1263 1318 1272 ’

198 1353 383 1435 δαιμονίων
414 1351 620 1435 ἀνεκώχευον
651 1350 709 1425 τάς
739 1347 832 1432 νέας,
864 1349 1122 1433 καραδοκέοντες
1148 1350 1206 1416 καὶ

198 1452 294 1522 οὑτοι
315 1458 375 1523 τὸν
397 1459 542 1540 πόλεμον
564 1463 603 1539 τῇ
625 1454 789 1538 πεσέεται,
812 1454 1022 1531 ἀελπτέοντες
1045 1453 1207 1540 μὲντοὺς

199 1561 362 1646 Ἕλληνας
393 1559 670 1646 ὑπερβαλέεσθαι,
709 1559 879 1638 δοκέοντες
909 1558 946 1626 δέ
977 1563 1036 1626 τὸν
1066 1560 1206 1646 Πέρσην

197 1669 487 1753 κατακρατήσαντα
518 1668 643 1732 πολλὸν
674 1664 786 1749 ἀρξειν
816 1667 923 1750 πάσης
953 1676 1010 1750 τῆς
1036 1663 1205 1744 Ἑλλάδος.

199 1775 334 1840 ἐποίευν
357 1770 405 1840 ὧν
428 1773 587 1856 ἐπίτηδες,
610 1773 667 1837 ἵνα
690 1775 788 1855 ἔχωσι
810 1773 893 1856 πρὸς
914 1774 973 1838 τὸν
997 1771 1134 1857 Πέρσην
1152 1773 1205 1838 λέ-

198 1905 273 1965 ηειν
294 1880 418 1945 τοιοίδε·
436 1870 475 1944 Ὦ
497 1882 648 1962 βασιλεῦ,
672 1877 764 1960 ἡμεῖς
785 1880 1113 1961 παραλαμβανόντων
1135 1889 1204 1944 τῶν
1316 1929 1319 1939 .

192 1983 363 2072 Ἑλλήνων
390 1984 491 2070 ήμέας
518 1983 552 2061 ές
577 1985 636 2050 τὸν
663 1984 807 2065 πόλεμον
829 1991 964 2065 τοῦτον,
993 1986 1123 2068 ἔχοντες
1146 1985 1205 2048 δύ-

197 2116 302 2177 υαμιν
324 2092 385 2156 οὐκ
408 2091 581 2175 ἐλαχίστην
600 2086 679 2156 οὐδὲ
697 2088 774 2164 νέας
792 2088 962 2172 ἐλαχίστας
979 2093 1204 2175 παρασχόντες

198 2197 242 2263 διν
265 2198 348 2262 ἀλλά
365 2200 517 2272 πλείστας
535 2197 615 2280 μετά
631 2219 670 2278 γε
685 2189 894 2278 Ἀθηναίους,
914 2195 976 2260 ούκ
992 2195 1204 2281 ήθελήσαμέν
1319 2205 1320 2216 ’

199 2327 252 2367 τοι
275 2303 473 2367 ἀντιοῦσθαι
501 2300 583 2366 οὐδέ
602 2323 634 2364 τι
661 2300 852 2384 ἀποθύμιον
879 2311 1021 2385 ποιῆσαι.
1067 2312 1204 2368 τοιαῦτα

199 2406 352 2490 λέχοντες
381 2409 518 2490 ήλπιζον
549 2406 650 2472 πλέον
676 2429 707 2470 τι
734 2417 801 2471 τῶν
828 2408 939 2472 ἀλλων
966 2413 1132 2474 οἴσεσθαι·
1163 2411 1204 2475 τά

198 2534 261 2596 περ
293 2510 335 2575 ἀν
361 2508 416 2575 καὶ
443 2511 587 2594 ἐγένετο,
619 2511 664 2587 ὡς
690 2509 762 2594 ἐμοὶ
790 2510 906 2577 δοκέει.
951 2515 1033 2597 πρὸς
1061 2511 1098 2578 δέ
1125 2517 1204 2594 τοὺς

200 2617 363 2701 Ἕλληνάς
385 2632 446 2700 σφι
469 2625 587 2700 σκῆψις
610 2617 798 2700 έπεποίητο,
821 2626 860 2702 τῇ
882 2639 943 2704 περ
967 2619 1008 2701 δή
1031 2617 1086 2683 καί
1109 2619 1203 2703 ἐχρή-

199 2743 317 2791 σαντο·
349 2721 553 2807 αίτιωμένων
579 2725 643 2809 ηάρ
669 2734 737 2788 τῶν
755 2720 923 2808 Ἑλλήνων
951 2723 1001 2788 ὅτι
1024 2723 1085 2788 ούκ
1108 2723 1201 2807 ἐβοή-

197 2838 299 2914 θεον,
326 2833 456 2915 ἔφασαν
482 2834 653 2914 πληρῶσαι
679 2826 740 2914 μὲν
763 2828 919 2912 ἑξήκοντα
941 2831 1108 2914 τριήρεας,
1137 2829 1203 2894 ὑπὸ

199 2935 238 3003 δὲ
265 2935 421 3020 ἐτησιέων
448 2935 580 3019 ἀνέμων
601 2935 800 3019 ὑπερβαλεῖν
822 2932 962 3017 Μαλέην
989 2934 1051 2999 οὐκ
1078 2927 1201 3000 οἷοίτε
1317 2927 1320 2952 *

199 3041 370 3125 γενέσθαι·
394 3041 479 3106 οὑτω
503 3041 564 3108 οὐκ
587 3040 762 3106 ἀπικέσθαι
785 3040 818 3117 ἐς
836 3045 1011 3124 Σαλαμῖνα
1034 3038 1089 3106 καὶ
1107 3040 1203 3107 ούδε-

200 3157 257 3232 μιῇ
289 3150 442 3231 κακότητι
473 3153 653 3233 λειφθῆναι
684 3156 741 3231 τής
771 3148 963 3230 ναυμαχίης.
1017 3140 1110 3213 οὗτοι
1141 3143 1204 3231 μὲν

200 3253 287 3318 οὑτω
312 3253 547 3338 διεκρούσαντο
570 3255 648 3329 τοὺς
670 3251 840 3335 Ἕλληνας.

150 3379 199 3427 ιοο
289 3360 416 3442 Κρῆτες
433 3356 480 3440 δέ,
500 3358 604 3423 ἐπείτε
622 3355 726 3442 σφέας
739 3356 993 3442 παρελάμβανον
1012 3357 1047 3421 οἱ
1062 3355 1114 3422 ἐπὶ
1127 3358 1202 3423 τού-

200 3479 287 3529 τοισι
300 3461 476 3546 ταχθέντες
489 3459 667 3547 Ἑλλήνων,
682 3462 840 3546 ἐποίησαν
854 3463 998 3528 τοιόνδε·
1017 3461 1204 3548 πέμψαντες
