2678 3970
205 257 269 319 152
617 257 805 314 HERODOTI

202 399 311 464 πάντα
337 401 378 465 τὰ
406 402 476 468 άνω
503 411 562 487 τῆς
583 398 693 486 Ἀσίης
715 403 1016 488 καταστρεψάμενοι
1039 399 1210 486 ἐνέμοντο,
1327 369 1328 420 ἐ

202 515 270 570 τῶν
299 506 424 572 εἵνεκεν
450 508 591 596 ὕστερον
613 514 758 594 Δαρεῖος
784 507 989 595 ἐτιμωρέετο,
1021 510 1100 594 μήτε
1126 509 1210 574 κατά

202 612 243 676 τὰ
265 615 428 698 λεγόμενα
448 615 507 680 τὸν
523 612 715 702 Ἀτρειδέων
734 613 767 691 ἐς
779 613 885 681 Ἴλιον
903 616 982 699 μήτε
999 616 1058 680 τὸν
1076 617 1210 681 Μυσῶν
1328 652 1329 684 ι

202 739 238 782 τε
260 715 317 782 καλ
341 723 498 805 Τευκρῶν
520 722 579 786 τὸν
601 722 665 805 πρὸ
688 731 755 786 τῶν
782 725 939 806 Τρωικῶν
961 722 1152 805 γενόμενον,
1177 723 1213 786 οἳ

204 825 379 908 διαβάντες
410 826 444 904 ἐς
474 827 535 911 τήν
562 826 730 911 Εὐρώπην
760 827 841 891 κατά
867 829 1043 911 Βόσπορον
1068 828 1148 904 τούς
1174 849 1209 892 τε

203 932 348 1015 Θρήικας
378 932 653 1014 κατεστρέψαντο·
672 933 795 1010 πάντας
830 930 885 997 καὶ
917 931 970 999 ἐπὶ
1000 935 1060 999 τὸν
1088 927 1209 999 Ἰόνιον
1325 935 1329 951 ’

202 1038 330 1103 πόντον
353 1037 537 1123 κατέβησαν
560 1038 654 1124 μέχρι
676 1061 711 1103 τε
729 1043 878 1122 Πηνειοῦ
899 1048 1048 1124 ποταμοῦ
1069 1041 1108 1106 τὸ
1125 1041 1210 1122 πρὸς

150 1157 181 1206 21
203 1146 406 1230 μεσαμβρίης
428 1145 565 1227 ήλασαν.
602 1139 699 1209 αὗται
720 1144 759 1208 αέ
777 1152 878 1210 πᾶσαι
901 1140 974 1209 οὐδ’
999 1143 1106 1228 ἕτεραι
1125 1148 1210 1232 πρὸς

202 1250 341 1335 ταύτῃσι
358 1252 533 1335 γενόμεναι
551 1253 785 1336 στρατηλασίαι
803 1259 878 1334 μιῆς
894 1251 993 1334 τῆσδε
1008 1252 1096 1334 [οὐκ]
1112 1250 1209 1330 άξιαι.

202 1358 239 1420 τί
257 1357 320 1440 γάρ
344 1355 404 1420 οὐκ
427 1357 528 1439 ήγαγε
552 1355 588 1421 ἐκ
604 1364 661 1439 τῆς
676 1349 785 1440 Ἀσίης
803 1359 904 1433 ἔθνος
922 1354 975 1422 ἐπὶ
992 1359 1053 1441 τήν
1066 1354 1210 1424 Ἑλλάδα

203 1460 341 1545 Ξέρξηςς
378 1471 472 1527 κοῖον
505 1457 542 1527 δέ
571 1463 752 1545 πινόμενόν
779 1485 836 1546 μιν
857 1461 951 1549 ὕδωρ
978 1462 1040 1528 οὐκ
1067 1460 1209 1546 ἐπέλιπε,
1329 1479 1330 1510 ¹

202 1567 291 1649 πλήν
317 1575 384 1631 τῶν
411 1565 562 1650 μεγάλων
589 1577 760 1650 ποταμῶν;
797 1566 833 1632 οί
857 1566 917 1652 μέν
943 1569 1007 1651 γάρ
1029 1569 1106 1646 νέας
1127 1589 1209 1654 παρ-

203 1675 347 1757 είχοντο,
380 1670 417 1736 οί
445 1668 483 1736 δέ
515 1671 548 1747 ἐς
578 1672 676 1750 πεζὸν
708 1672 892 1756 ἐτετάχατο,
924 1683 1011 1738 τοῖσι
1042 1670 1079 1740 δέ
1110 1675 1211 1753 ἵππος

202 1775 450 1863 προσετέτακτο,
472 1788 559 1843 τοῖσι
583 1775 619 1842 δὲ
643 1778 816 1862 ίππαγωγά
833 1782 932 1843 πλοῖα
949 1778 1016 1862 ἅμα
1034 1796 1211 1866 στρατευο-

204 1883 344 1969 μένοισι,
362 1895 449 1950 τοῖσι
469 1880 505 1949 δὲ
524 1884 557 1962 ές
574 1885 631 1961 τάς
648 1885 796 1970 γεφύρας
814 1884 938 1969 μακράς
952 1884 1029 1962 νέας
1042 1885 1209 1972 παρέχειν.
1326 1896 1330 1948 λ

149 2004 186 2053 22
203 2001 291 2056 τοῖσι
319 1987 357 2056 δὲ
379 1991 453 2056 σῖτά
475 2013 510 2070 τε
532 1987 587 2055 καὶ
609 1989 695 2068 νέας.
740 1987 794 2055 καὶ
816 1998 914 2056 τοῦτο
938 1989 1013 2075 μέν,
1041 1992 1085 2069 ὡς
1106 2010 1210 2078 προσ-

204 2095 414 2162 πταισάντων
427 2107 495 2161 τῶν
508 2097 649 2180 πρώτων
662 2098 906 2181 περιπλεόντων
919 2093 994 2178 περὶ
1011 2098 1071 2162 τὸν
1080 2097 1211 2184 Ἀθων,

201 2203 453 2286 ’προετοιμάζετο
468 2201 503 2267 ἐκ
515 2213 619 2288 τριῶν
633 2201 732 2268 ἐτέων
741 2225 803 2268 κον
817 2202 955 2286 μάλιστα
969 2202 1003 2280 ἐς
1012 2202 1210 2270 τδνἈθων·

204 2304 242 2370 ἐν
271 2307 335 2391 γάρ
359 2305 545 2372 Ἐλαιοῦντι
571 2316 629 2390 τῆς
656 2311 872 2392 Χερσονήσου
903 2308 1024 2393 ὅρμεον
1049 2312 1209 2396 τριήρεες,

205 2409 363 2475 ἐνθεῦτεν
386 2409 424 2476 δέ
442 2411 628 2496 ὁρμώμενοι
647 2413 800 2497 ὤρυσσον
818 2414 883 2479 ὑπὸ
901 2417 1069 2498 μαστίγων
1086 2437 1211 2482 παντο-

205 2513 305 2580 δαποὶ
327 2525 384 2600 τῆς
407 2526 569 2602 στρατιῆς,
593 2517 742 2602 διάδοχοι
765 2513 796 2583 δ’
818 2519 974 2603 ἐφοίτων·
997 2521 1152 2605 ὤρυσσον
1171 2519 1211 2588 δέ

203 2620 260 2690 καὶ
282 2623 318 2688 οί
336 2620 411 2708 περὶ
432 2623 492 2688 τὸν
510 2621 626 2688 Ἀθων
647 2622 886 2709 κατοικημένοι.
929 2625 1105 2713 Βουβάρης
1128 2623 1166 2693 δὲ
1189 2628 1210 2694 ὁ

203 2730 404 2816 Μεγαβάζου
430 2727 485 2794 καὶ
504 2726 695 2816 Ἀρταχαίης
721 2731 740 2796 δ
760 2728 910 2816 Ἀρταίου
937 2732 1057 2817 ἄνδρες
1078 2732 1209 2818 Πέρσαι

203 2837 398 2903 ἐπεστάτεου
420 2845 481 2902 τοῦ
504 2838 613 2922 ἔργον.
658 2835 677 2903 ὁ
700 2838 763 2921 γάρ
785 2836 898 2913 Ἀδως
926 2835 994 2902 ἐστὶ
1023 2839 1101 2923 ὅρος
1123 2836 1210 2922 μέγα

203 2967 239 3009 τε
269 2941 325 3008 καὶ
352 2943 552 3028 ὀνομαστόν,
584 2942 618 3019 ές
644 2942 818 3008 θάλασσαν
844 2951 1002 3026 κατῆκον,
1029 2941 1211 3028 οίκημένον
1317 2931 1331 2964 ”

204 3050 268 3115 ὑπὸ
302 3049 500 3134 ἀνθρώπων.
544 3056 584 3134 τῆ
621 3046 658 3114 δὲ
688 3055 823 3136 τελευτᾷ
855 3048 888 3126 ἐς
917 3050 978 3132 τήν
1004 3049 1143 3134 ήπειρον
1168 3051 1211 3115 τὸ

203 3157 296 3240 όρος,
324 3153 594 3240 χερσονησοειδές
616 3153 653 3218 τέ
674 3151 818 3220 ἐστικαὶ
842 3155 962 3238 ἰσθμὸς
988 3152 1033 3230 ὡς
1055 3154 1210 3220 δυώδεκα

204 3262 362 3325 σταδίων·
385 3263 503 3327 πεδιόν
527 3257 564 3325 δὲ
586 3269 684 3326 τοῦτο
706 3257 763 3326 καλ
784 3257 926 3325 κολωνοὶ
949 3258 990 3323 οὐ
1012 3260 1148 3342 μεγάλοι
1172 3259 1211 3326 ἐκ

202 3365 375 3450 θαλάσσης
406 3376 463 3451 τῆς
492 3363 677 3432 Ἀκανθίων
710 3363 763 3432 ἐπὶ
795 3365 968 3430 θάλασσαν
999 3366 1060 3448 τήν
1091 3364 1210 3432 ἀντίον

206 3471 370 3555 Τορώνης.
417 3473 453 3537 ἐν
482 3470 519 3537 δὲ
541 3478 587 3559 τῷ
612 3473 722 3559 ἰσθμῷ
744 3471 866 3558 τούτῳ,
895 3470 928 3548 ές
949 3470 1008 3535 τὸν
1030 3474 1164 3558 τελευτᾷ
1189 3472 1211 3539 ὁ
