2678 3970
223 285 286 348 192
631 283 818 340 HERODOTI

165 458 220 507 121
310 429 356 494 Οί
387 426 448 514 μέν
486 431 526 513 δὴ
558 431 742 513 πιεζόμενοι
779 429 868 512 ὅμως
898 429 936 494 τὸ
966 426 1224 512 ἐπιτασσόμενον

220 533 404 618 ἐπετέλεον,
436 532 559 619 Ξέρξης
591 529 627 598 δὲ
659 532 695 598 ἐκ
723 541 781 618 τῆς
804 527 969 598 Ἀκάνθου
998 531 1224 616 ἐντειλάμενος
1326 547 1327 560 ’

219 649 306 704 τοῖσι
329 651 540 726 στρατηγοῖσι
563 641 623 704 τὸν
644 639 802 704 ναυτικὸν
825 639 967 724 στρατὸν
985 636 1164 722 ὑπομένειν
1187 637 1224 702 ἐν
1326 699 1327 728 ÷

220 743 332 830 Θέρμη
356 745 457 829 ἀπῆκε
481 742 535 810 ἀπ’
561 743 688 811 ἑωυτοῦ
704 745 909 830 πορεύεσθαι
926 743 984 818 τὰς
1001 743 1088 824 νέας,
1112 740 1223 828 Θέρμη
1326 763 1327 818 ;

219 847 259 916 δέ
279 859 319 935 τῇ
347 850 384 916 ἐν
406 859 451 938 τῷ
476 854 628 938 Θερμαίῳ
651 852 761 937 κόλπῳ
785 831 958 934 οίκημένη,
986 845 1041 912 ἀπ’
1066 843 1105 932 ἧς
1127 846 1223 912 καὶὸ
1323 917 1327 930 1

219 958 342 1034 κόλπος
369 952 466 1033 οὗτος
491 957 554 1040 την
580 956 770 1039 ἐπωνυμίην
798 957 876 1038 ἐχει·
906 954 1009 1039 ταύτῃ
1035 953 1098 1039 γάρ
1125 953 1224 1019 ἐπυν·

221 1061 344 1127 θάνετο
369 1063 622 1146 συντομώτατον
645 1056 738 1126 εἶναι.
780 1059 874 1146 μέχρι
893 1054 953 1144 μέν
975 1059 1038 1144 γδρ
1058 1057 1224 1124 ’Λκάνθου
1326 1089 1327 1146 γ

220 1161 287 1232 ώδε
321 1167 518 1252 τεταγμένος
554 1167 572 1234 ὁ
604 1168 742 1251 στρατὸς
773 1166 808 1231 ἐκ
839 1167 1010 1249 Δορίσκου
1045 1164 1105 1247 τὴν
1124 1149 1126 1158 ’
1142 1163 1224 1229 ὁδὸν
1326 1163 1327 1220 ί

220 1269 381 1338 ἐποιέετο·
401 1283 490 1358 τρεῖς
512 1275 629 1358 μοίρας
651 1270 812 1357 δΞέρξης
835 1270 1019 1354 δασάμενος
1036 1269 1142 1334 πάντα
1164 1269 1224 1334 τὸν
1326 1291 1327 1296 ’

220 1378 319 1456 πεζὸν
348 1380 541 1460 [στρατόν],
571 1379 651 1462 μίαν
679 1376 805 1442 αὐτέων
828 1374 918 1454 ἔταξε
940 1374 1028 1458 παρά
1050 1372 1224 1439 θάλασσαν

220 1482 308 1549 ίέναι
335 1482 420 1568 ὁμοῦ
446 1491 491 1570 τῷ
516 1484 675 1570 ναυτικῷ·
706 1481 825 1565 ταύτης
853 1478 914 1566 μέν
942 1481 983 1564 δὴ
1007 1479 1224 1564 ἐστρατήγεον

223 1589 418 1675 Μαρδόνιός
439 1611 475 1653 τε
501 1585 557 1652 καὶ
579 1589 768 1671 Μασίστης,
796 1585 888 1670 ἑτέρη
912 1582 949 1652 δὲ
971 1583 1148 1670 τεταγμένη
1172 1587 1224 1668 ἤιε

222 1705 283 1762 τοῦ
305 1693 447 1780 στρατοῦ
469 1691 659 1780 τριτημορίς
686 1694 747 1776 την
770 1695 964 1776 μεσόγαιαν,
991 1700 1049 1774 τῆς
1071 1690 1224 1776 ἐστρατή-

222 1823 302 1884 γεον
327 1804 585 1886 Τριτανταίχμης
613 1823 648 1865 τε
674 1797 730 1865 καὶ
756 1797 881 1884 Γέργις.
926 1796 946 1880 η
975 1793 1012 1862 δὲ
1037 1799 1129 1882 τρίτη
1156 1807 1225 1862 τῶν

222 1903 377 1991 μοιρέων,
400 1900 469 1988 μετ’
489 1899 527 1988 ἧς
550 1904 724 1988 ἐπορεύετο
748 1904 846 1979 αὐτὸς
869 1901 1006 1987 Ξέρξης,
1029 1903 1080 1985 ἤιε
1103 1898 1163 1986 μὲν
1185 1905 1223 1968 τὸ
1321 1931 1327 1967 ι

222 2010 326 2096 μέσον
349 2009 486 2093 αὐτέων,
510 2011 713 2096 στρατηγοὺς
738 2005 775 2074 δὲ
797 2011 967 2094 παρείχετο
990 2005 1225 2093 Σμερδομένεά

222 2139 258 2182 τε
280 2114 335 2181 καὶ
357 2116 565 2200 Μεγάβυζον.

172 2246 222 2294 122
312 2217 348 2286 ‘O
380 2221 440 2305 μέν
476 2245 540 2286 νυν
572 2222 726 2298 ναυτικὸς
758 2220 895 2305 στρατὸς
931 2218 976 2296 ώς
1007 2217 1126 2301 ἀπείθη
1158 2217 1224 2282 ὑπὸ
1326 2239 1327 2244 ’

224 2323 351 2410 Ξέρξεω
373 2324 429 2390 καὶ
452 2323 645 2403 διεξέπλωσε
667 2327 729 2409 τὴν
753 2325 898 2408 διώρυχα
920 2325 980 2407 τὴν
1003 2321 1040 2389 ἐν
1061 2331 1107 2411 τῷ
1129 2321 1224 2411 ’Ἀθςο

223 2430 423 2515 γενομένην,
453 2427 629 2513 διέχουσαν
657 2426 694 2494 δὲ
721 2428 754 2506 ἐς
780 2432 903 2495 κόλπον
931 2429 968 2494 έν
994 2435 1039 2516 τῷ
1062 2426 1167 2494 ’Ἁσσα
1189 2451 1225 2495 τε

223 2539 318 2613 πόλις
348 2533 403 2600 καὶ
430 2537 584 2620 Πίλωρος
609 2533 665 2600 καὶ
691 2538 816 2618 Σίγγος
841 2532 897 2600 καί
924 2534 1036 2620 Σάρτη
1065 2539 1224 2618 οἴκηνται,

223 2643 397 2723 ἐνθεῦτεν,
430 2640 474 2716 ώς
505 2637 560 2705 καὶ
589 2639 625 2706 ἐκ
655 2642 782 2706 τούτων
813 2652 880 2706 τῶν
911 2643 1038 2706 πολίων
1068 2641 1225 2724 στρατιὴν

223 2747 401 2834 παρέλαβε,
430 2748 522 2810 ἔπλεε
549 2744 722 2830 άπιέμενος
750 2745 783 2822 ἐς
809 2747 869 2812 τὸν
895 2751 1060 2831 Θερμαῖον
1089 2748 1225 2828 κόλπον,
1326 2787 1327 2794 1

224 2855 380 2940 κάμπτων
403 2847 439 2916 δέ
453 2850 620 2936 ’Ἄμπελον
642 2853 703 2936 τὴν
725 2855 919 2938 Τορωναίην
942 2853 1047 2938 άκρην
1068 2855 1225 2936 παραμεί-
1326 2827 1327 2846 ¹

225 2965 300 3045 βετο
319 2955 512 3041 Ἑλληνίδας
530 2957 629 3022 τάσδε
647 2959 752 3040 πόλις,
772 2957 891 3023 ἐκτῶν
910 2957 987 3034 νέας
1004 2979 1039 3022 τε
1057 2954 1112 3022 καὶ
1129 2973 1224 3042 στρα·
1318 2937 1327 2988 ⁴³

224 3068 298 3150 τιην
333 3063 580 3150 παρελάμβανε,
617 3063 792 3150 Τορώνην,
826 3066 1000 3148 Γαληψόν,
1032 3065 1223 3150 Σερμύλην,

224 3171 466 3255 Μηκύβερναν,
488 3165 668 3234 Ὄλυνθον.
713 3169 733 3252 η
761 3167 822 3253 μέν
849 3193 914 3234 νυν
941 3170 1029 3254 χώρη
1059 3169 1141 3252 αὕτη
1165 3173 1225 3233 Σι-

174 3279 343 3358 εεεδωνίη
374 3273 531 3340 καλέεται.
581 3273 599 3340 ὁ
632 3271 669 3340 δὲ
682 3284 684 3290 ’
699 3275 852 3351 ναυτικὸς
883 3276 1019 3360 στρατὸς
1050 3275 1068 3340 ὁ
1097 3273 1224 3357 Ξέρξεω

225 3381 422 3466 συντάμνων
436 3375 490 3444 ἀπ’
505 3375 665 3465 Ἀμπέλου
679 3381 780 3466 άκρης
794 3377 846 3444 ἐπὶ
859 3382 1090 3465 Καναστραίον
1108 3380 1223 3465 άκρην,
1326 3461 1327 3466 ¹

223 3487 261 3552 τὸ
285 3486 325 3568 δη
349 3485 455 3569 πάσης
481 3494 539 3569 τῆς
561 3486 739 3570 Παλλήνης
761 3483 869 3569 άνέχει
891 3485 1044 3569 μάλιστα,
1068 3485 1224 3550 ἐνθεῦτεν
