2632 3970
222 271 287 338 378
633 266 821 323 Ηυιιουοει

222 414 415 496 ἐπασκήσας.
441 419 563 477 τοῦτον
577 407 615 476 δὲ
628 413 688 477 τὸν
697 408 903 497 Ἑρμόλυκον
916 409 1073 494 κατέλαβε
1087 410 1227 496 ὕστερον

221 520 360 601 τούτων,
374 518 520 604 πολέμου
534 516 647 594 ἐόντος
658 514 870 600 Ἀθηναίοισί
880 539 915 582 τε
928 513 983 581 καὶ
997 519 1227 601 Καρυστίοισι,

221 623 259 692 ἐν
277 625 402 712 Κύρνφ
424 633 482 708 τής
501 625 693 708 Καρυστίης
714 623 823 708 χώρης
845 622 1060 687 ἀποθανόντα
1083 622 1121 687 έν
1144 624 1228 707 μάχη

221 736 354 796 κεῖσθαι
378 728 429 796 ἐπὶ
452 733 630 817 Γεραιστῷ.
669 730 748 813 μετὰ
772 725 809 794 δέ
828 725 1030 811 Ἀθηναίους
1048 731 1228 814 Κορίνθιοι

221 835 277 902 καί
303 839 491 923 Τροιζήνιοι
512 835 568 902 καὶ
590 835 773 900 Σικυώνιοι
795 835 1003 918 ἠρίστευσαν.
1304 843 1307 928 ή

171 960 221 1010 ιυε
308 940 432 1008 Ἑπείτε
451 939 489 1008 δὲ
504 942 748 1027 κατεργάσαντο
767 939 966 1023 οίἙλληνες
983 942 1062 1016 τοὺς
1074 941 1227 1021 πολλούς,
1303 937 1307 992 δ

223 1051 301 1126 τοὺς
323 1046 384 1133 μὲν
403 1047 620 1132 μαχομένους,
638 1051 717 1124 τοὺς
735 1044 844 1112 δὲκαὶ
863 1048 1049 1132 φεύγοντας
1067 1056 1135 1111 τῶν
1153 1050 1228 1130 βαρ·

222 1156 353 1241 βάρων,
382 1156 440 1232 τὰς
465 1152 544 1230 νέας
567 1151 751 1238 ἐνέπρησαν
773 1150 888 1218 καὶτὸ
910 1163 1017 1237 τεῖχος
1039 1153 1142 1235 ἀπαν,
1171 1154 1228 1236 τήν

223 1263 322 1344 ληίην
344 1257 627 1345 προεξαγαγόντες
649 1257 682 1334 ές
700 1258 759 1322 τὸν
778 1259 940 1340 αἰγιαλόν,
963 1255 1018 1322 καὶ
1036 1259 1230 1343 θησαυρούς

222 1389 316 1442 τινας
338 1365 514 1450 χρημάτων
537 1359 652 1449 εὗρον·
682 1362 907 1448 ἐμπρήσαντες
929 1359 967 1428 δὲ
989 1365 1026 1427 τὸ
1049 1374 1155 1448 τεῖχος
1177 1363 1231 1428 καὶ

223 1472 281 1548 τδς
306 1469 385 1547 νέας
412 1468 583 1536 ἀπέπλεον.
629 1468 820 1552 ἀπικόμενοι
844 1464 881 1533 δέ
904 1467 938 1544 ές
960 1469 1078 1552 Σάμον
1100 1470 1137 1534 οί
1157 1467 1230 1535 Ἔλ·

224 1581 322 1660 ληνες
349 1575 568 1658 ἐβουλεύοντο
595 1571 671 1658 περὶ
697 1572 895 1649 ἀναστάσιος
921 1582 979 1656 τῆς
1002 1571 1144 1657 Ἰωνίης,
1177 1573 1231 1639 καλ

224 1683 285 1768 δκη
303 1682 402 1766 χρεὸν
421 1686 470 1764 είη
489 1689 547 1764 τῆς
565 1680 720 1756 Ἑλλάδος
737 1682 920 1744 κατοικίσαι
937 1688 995 1762 τῆς
1008 1677 1103 1744 αὐτοὶ
1116 1679 1232 1765 ἐγκρα-

223 1786 294 1864 τέες
320 1783 421 1870 ἦσαν,
448 1787 510 1870 τήν
538 1781 575 1851 δέ
599 1782 730 1868 Ἰωνίην
757 1785 889 1851 ἀπεῖναι
910 1795 997 1851 τοῖσι
1019 1787 1232 1872 βαρβάροισι·

224 1893 392 1958 ἀδύνατον
406 1892 469 1978 γὰρ
484 1891 638 1977 ἐφαίνετό
653 1908 714 1976 σφι
727 1886 814 1957 εἶναι
824 1889 968 1970 ἑωυτούς
976 1914 1011 1958 τε
1017 1885 1139 1957 Ἰώνων
1152 1915 1232 1978 προ·
1302 1945 1307 1980 ,

224 2004 387 2083 κατῆσθαι
410 1995 637 2083 φρουρέοντας
659 1997 718 2062 τὸν
740 1996 848 2062 πάντα
870 1999 1007 2082 χρόνον,
1025 1995 1080 2062 καὶ
1099 1996 1233 2064 ἑωυτῶν

225 2105 269 2190 μή
297 2101 555 2189 προκατημένων
571 2100 690 2178 Ἴαιτάς
718 2102 878 2186 οὐδεμίαν
905 2102 1022 2168 ἐλπίδα
1050 2097 1141 2187 εέχον
1163 2108 1232 2188 χαί-

226 2232 346 2294 ροντας
374 2211 457 2294 πρὸς
483 2219 550 2275 τῶν
578 2205 738 2291 Περσέων
765 2207 971 2286 ἀπαλλάξειν.
1021 2209 1104 2294 πρὸς
1130 2219 1233 2275 ταῦτα

226 2317 510 2397 Πελοποννησίων
537 2311 598 2399 μὲν
626 2325 713 2380 τοῖσι
740 2313 777 2378 ἐν
804 2309 891 2378 τέλει·
916 2313 1009 2379 ἐοῦσι
1032 2314 1144 2379 ἐδόκεε
1167 2327 1234 2381 τῶν

226 2417 438 2503 μηδισάντων
457 2417 587 2484 ἐθνέων
604 2429 671 2484 τῶν
686 2416 887 2501 Ἑλληνικῶν
905 2421 946 2484 τὰ
962 2419 1101 2504 ἐμπόρια
1120 2419 1234 2500 ἐξανα-

226 2525 410 2607 στήσαντας
440 2523 559 2587 δοῦναι
588 2525 650 2606 τήν
677 2525 789 2610 χώρην
806 2523 900 2590 Ἴωσι
928 2525 1111 2608 ἐνοικῆσαι,
1137 2518 1235 2610 Ἀθη·

226 2633 351 2696 ναίοισι
384 2625 421 2694 δέ
450 2627 511 2694 οὐκ
538 2629 647 2695 ἐδόκεε
680 2629 785 2715 ἀρχήν
809 2627 939 2714 Ἰωνίην
966 2629 1123 2714 γενέσθαι
1156 2631 1235 2696 ἀνά-

227 2753 348 2802 στατον
371 2733 451 2802 οὐδὲ
475 2739 769 2819 Πελοποννησίους
792 2735 958 2822 περὶτῶν
981 2735 1153 2821 σφετέρων
1176 2737 1235 2802 ἀπ-

228 2842 360 2909 οικιέων
378 2843 566 2925 βουλεύειν·
585 2842 838 2908 ἀντιτεινόντων
857 2839 894 2908 δέ
909 2843 1038 2908 τούτων
1051 2843 1235 2927 προθύμως
1296 2879 1304 2926 A

228 2945 319 3027 εἶξαν
343 2948 378 3013 οί
394 2949 670 3031 Πελοποννήσιοι.
707 2946 761 3013 καὶ
785 2949 871 3013 οὕτω
896 2949 937 3032 δή
956 2951 1108 3034 Σαμίους
1125 2971 1160 3014 τε
1181 2945 1235 3013 καλ
1303 2935 1304 2960 ¹

229 3058 332 3130 Χίους
363 3051 418 3117 καὶ
445 3055 610 3136 Λεσβίους
640 3051 695 3118 καὶ
726 3055 805 3129 τοὺς
838 3055 960 3131 ἀλλους
992 3055 1172 3137 νησιώτας,
1205 3056 1239 3118 οἳ

229 3163 346 3243 ἔτυχον
374 3161 672 3243 συστρατευόμενοι
698 3168 785 3222 τοῖσι
804 3155 956 3242 Ἕλλησι,
984 3159 1017 3235 ἐς
1043 3161 1081 3226 τδ
1109 3175 1237 3246 Ισυμμα-

228 3266 323 3348 χικὸν
346 3263 557 3347 ἐποιήσαντο,
584 3267 674 3329 πίστι
696 3286 731 3328 τε
754 3266 994 3347 καταλαβόντες
1015 3261 1070 3328 καὶ
1094 3263 1238 3348 ὁρκίοισι

230 3367 399 3450 ἐμμενέειν
421 3392 456 3433 τε
479 3367 533 3433 καὶ
556 3369 599 3453 μή
623 3369 876 3452 ἀποστήσεσθαι.
917 3370 1056 3446 τούτους
1080 3366 1117 3435 δέ
1139 3392 1238 3436 κατα-

231 3473 388 3550 λαβόντες
416 3472 558 3551 ὁρκίοισι
585 3476 702 3538 ἔπλεον
729 3475 787 3549 τδς
813 3475 962 3557 γεφύρας
984 3476 1156 3552 λύσοντες·
1190 3478 1239 3540 ἔτι
