2632 3970
209 257 275 322 354
616 254 801 312 HERODOTI

208 399 333 466 ποιέειν
356 400 435 483 αίεί,
459 400 586 478 ίδόντες
608 397 646 465 δὲ
667 401 727 465 τὸν
749 410 859 484 χώρου
881 401 993 465 κεινὸν
1016 399 1053 465 ἐν
1074 407 1121 489 τῷ
1146 399 1214 466 έτε·

208 505 328 588 τάχατο
357 505 392 570 οί
407 503 564 589 Ἕλληνες
585 514 659 590 τῇσι
681 504 859 590 προτέρῃσι
881 504 1035 591 ἡμέρῃσι,
1063 508 1215 590 ήλαυυον

208 614 287 688 τοὺς
322 611 442 688 ἵππους
473 609 538 678 αίελ
569 613 606 677 τὸ
638 613 750 696 πρόσω
786 609 842 675 καλ
873 611 939 695 ἅμα
972 615 1215 696 καταλαβόντες

209 716 408 798 προσεκέατό
430 733 500 801 σφι.

155 838 191 888 σε
296 823 491 908 Μαρδόνιος
513 819 550 887 δὲ
573 822 617 898 ὡς
639 821 781 887 έπύὐετο
803 824 881 900 τούς
895 820 1057 905 Ἕλληνας
1079 821 1215 909 άποιχο-

209 927 331 1013 μένους
351 927 416 993 ὐπὸ
439 929 542 994 νύκτα
565 922 635 992 εἶδέ
649 950 684 992 τε
707 929 766 1006 τὸν
784 939 894 1013 χῶρον
915 930 1050 1013 ἔρημον,
1072 929 1216 1008 καλέσας

209 1035 268 1099 τὸν
299 1037 483 1117 Ληρισαῖον
516 1034 655 1118 Θώρηκα
692 1031 747 1098 καὶ
778 1035 856 1110 τοὺς
889 1033 1072 1118 ἀδελφεοὺς
1108 1035 1215 1102 αὐτοῦ

208 1138 412 1222 Εὐρύπυλον
433 1137 488 1204 καὶ
508 1140 720 1225 Θρασυδήιον
743 1141 846 1221 ἔλεγε·
864 1129 903 1202 Ὠ
924 1140 1040 1216 παῖδες
1059 1138 1215 1226 Ἀλεύεω,

210 1246 257 1309 έτι
279 1246 315 1308 τί
334 1242 440 1322 λέξετε
462 1244 541 1308 τάδε
564 1243 705 1329 δρῶντες
727 1239 845 1328 ἔρημος
879 1244 972 1329 ὑμεῖς
993 1247 1057 1330 γάρ
1080 1247 1116 1310 οί
1130 1252 1214 1331 πλη-

210 1353 366 1434 σιόχωροι
384 1348 510 1432 ἐλέγετε
523 1351 807 1434 Λακεδαιμονίους
826 1349 867 1414 οὐ
885 1349 1023 1434 φεύγειν
1042 1350 1077 1416 ἐκ
1095 1353 1214 1436 μάχης,

209 1456 292 1520 ἀλλὰ
309 1456 435 1540 ἄνδρας
453 1450 538 1520 εἶναι
556 1457 595 1520 τά
613 1455 751 1540 πολέμια
769 1456 933 1541 πρώτους·
953 1457 1031 1532 τούς
1048 1459 1214 1542 πρότερόν

208 1585 244 1628 τε
265 1559 520 1646 μετισταμένους
542 1559 578 1626 ἐκ
597 1570 655 1644 τῆς
669 1560 779 1638 τάξιος
797 1563 909 1644 εἰδετε,
931 1570 997 1626 νῦν
1013 1584 1049 1626 τε
1067 1561 1130 1626 ὐπὸ
1149 1564 1213 1646 τήν

209 1666 452 1752 παροιχομένην
469 1667 573 1731 νύκτα
590 1663 646 1732 καί
664 1667 700 1730 οί
714 1667 833 1743 πάντες
851 1665 980 1751 δρῶμεν
997 1668 1214 1752 διαδράντας·

210 1773 358 1852 διέδεξάν
379 1796 426 1856 τε,
449 1772 521 1838 ἐπεί
539 1788 643 1856 σφεας
666 1773 736 1836 έδεε
758 1773 841 1855 πρὸς
858 1775 936 1848 τοὺς
955 1772 1123 1850 ἀψευδέως
1141 1773 1213 1859 άρί-
1305 1835 1306 1840 ,

209 1896 307 1956 στους
334 1877 523 1963 ἀνθρώπων
551 1879 636 1964 μάχη
660 1879 889 1963 διακριθῆναι,
917 1879 967 1943 ὅτι
991 1877 1125 1955 οὐδένες
1147 1881 1213 1965 ἄρα
1305 1925 1306 1955 ι

209 1985 318 2062 ἐόντες
336 1985 373 2051 ἐν
392 1983 567 2069 οὐδαμοῖσι
585 1985 677 2050 ἐοῦσι
687 1982 824 2066 Ἕλλησι
841 1984 1124 2050 ἐναπεδεικνύατο.
1155 1985 1213 2050 καὶ
1304 1991 1305 2010 ’

208 2091 288 2175 ὑμῖν
314 2087 375 2175 μέν
403 2090 495 2156 ἐοῦσι
517 2087 676 2175 Περσέων
698 2088 862 2173 ἀπείροισι
884 2091 989 2172 πολλή
1012 2091 1048 2154 έκ
1070 2114 1108 2173 γε
1131 2090 1212 2175 ἐμεῦ

209 2196 335 2279 ἐγίνετο
362 2197 556 2280 συγγνώμη,
584 2195 804 2261 ἐπαινεόντων
831 2195 971 2271 τούτους
992 2200 1082 2260 τοῖσί
1101 2218 1133 2260 τι
1155 2196 1212 2262 καὶ

208 2300 402 2385 συνῃδέατε·
422 2296 618 2386 Ἀρταβάζου
642 2297 679 2364 δέ
697 2307 796 2384 θῶμα
813 2298 869 2364 καὶ
887 2305 1013 2384 μᾶλλον
1032 2291 1226 2386 ἐποιεύμην

207 2407 247 2470 τὸ
268 2404 323 2470 καὶ
340 2407 590 2490 καταρρωδῆσαι
607 2407 893 2490 Λακεδαιμονίους
909 2408 1211 2491 καταρρωδήσαντά
1303 2429 1304 2444 ·

207 2535 243 2577 τε
266 2509 490 2588 ἀποδέξασθαι
507 2511 644 2594 γνώμην
663 2511 865 2595 δειλοτάτην,
884 2512 929 2588 ὡς
945 2513 1044 2596 χρεὸν
1062 2518 1112 2596 είη
1131 2513 1211 2580 άνα-
1302 2583 1303 2596 χ

211 2615 381 2696 ζεύξαντας
407 2617 445 2682 τὸ
473 2618 695 2701 στρατόπεδον
724 2617 808 2682 ίέναι
831 2617 864 2693 ἐς
885 2613 925 2682 τό
947 2621 1104 2701 Θηβαίων
1127 2620 1211 2684 άστυ
1302 2613 1303 2650 ³

208 2721 543 2810 πολιορκησομένους·
574 2723 635 2806 τήν
663 2725 710 2786 ἐτι
736 2723 818 2806 πρὸς
846 2721 924 2806 ἐμεῦ
950 2726 1105 2805 βασιλεὺς
1132 2726 1210 2790 πεύ

209 2845 308 2895 σεται.
352 2826 407 2894 καὶ
433 2830 561 2893 τούτων
588 2824 648 2913 μέν
676 2826 815 2912 ἑτέρωθι
837 2830 927 2892 ἔσται
950 2831 1061 2912 λόγος·
1083 2839 1149 2894 νῦν
1172 2826 1211 2894 δὲ

209 2935 364 3002 ἐκείνοισι
381 2944 484 2999 ταῦτα
501 2942 632 2998 ποιεῦσι
651 2932 711 2996 οὐκ
730 2931 919 3015 ἐπιτρεπτέα
938 2933 1016 3015 ἐστί,
1035 2933 1118 2999 ἀλλὰ
1133 2937 1211 3002 διω-
1300 2923 1302 2936 ⁴

208 3040 297 3106 κτέοι
320 3039 383 3105 είσὶ
406 3040 440 3117 ἐς
462 3040 480 3105 δ
503 3037 792 3122 καταλαμφθέντες
815 3039 960 3102 δώσουσι
981 3038 1061 3124 ἡμῖν
1081 3052 1148 3106 τῶν
1168 3043 1211 3126 δή

155 3162 191 3216 59
209 3146 369 3230 ἐποίησαν
387 3145 524 3229 ΠέρσαςΙ
536 3144 669 3209 πάντων
688 3144 789 3220 δίκας.
825 3152 927 3208 ταῦτα
945 3149 1036 3220 είπας
1053 3141 1113 3228 ήγε
1130 3149 1211 3224 τοὺς
1300 3197 1301 3202 1

209 3251 342 3333 Πέρσας
374 3252 485 3338 δρόμῳ
519 3250 696 3333 διαβάντας
722 3250 781 3314 τὸν
805 3244 953 3314 Ἀσωπὸν
980 3251 1061 3314 κατὰ
1092 3254 1210 3334 στίβον

207 3365 275 3417 τῶν
294 3352 461 3436 Ἑλλήνων
484 3356 528 3431 ὡς
550 3355 591 3437 δή
615 3355 941 3436 ἀποδιδρησκόντων,
970 3353 1078 3438 ἐπεῖχέ
1097 3379 1133 3421 τε
1156 3355 1211 3422 ἐπὶ

206 3460 492 3541 Λακεδαιμονίους
513 3478 547 3524 τε
569 3456 624 3522 καὶ
646 3460 805 3541 Τεγεήτας
826 3459 984 3540 μούνους·
1008 3456 1211 3540 Ἀθηναίους
1299 3489 1300 3522 ι
