2678 3970
225 255 291 320 224
637 253 822 308 HERODOTI

173 421 225 470 178
316 399 361 482 Οί
384 395 445 483 μὲν
477 400 518 482 δὴ
542 397 700 481 Ἕλληνες
730 397 811 462 κατά
836 398 934 481 τάχος
963 395 1126 480 ἐβοήθεον
1155 396 1228 459 δια-

224 502 411 589 ταχθέντες,
430 502 562 590 Δελφοὶ
586 501 616 569 δ’
644 504 680 570 έν
698 505 803 590 τούτω
822 510 867 590 τῷ
886 505 996 590 χρόνφ
1015 502 1229 586 ἐχρηστηριά-

227 613 322 688 ζοντο
339 618 385 699 τῷ
404 617 473 698 θεῷ
493 607 576 694 ὑπὲρ
595 608 727 675 ἑωυτῶν
744 607 800 673 καὶ
817 617 872 692 τῆς
885 605 1042 684 Ἑλλάδος
1058 629 1228 689 καταρρω-

225 716 371 799 δηκότες,
390 720 448 782 καί
464 733 525 800 σφι
543 715 689 801 ἐχρήσθη
708 714 858 801 ἀνέμοισι
877 714 1047 799 εὔχεσθαι·
1064 713 1228 798 μεγάλους

224 823 288 900 γάρ
310 823 450 900 τούτους
477 825 612 887 ἔσεσθαι
639 830 678 906 τῇ
697 818 830 886 Ἑλλάδι
852 821 1051 905 συμμάχους.
1095 817 1228 902 Δελφοί

224 926 264 993 δὲ
293 927 464 1012 δεξάμενοι
490 929 527 992 τὸ
555 929 715 1010 μαντήιον
737 938 848 1011 πρῶτα
871 921 932 1009 μὲν
949 923 1117 1008 Ἑλλήνων
1139 935 1228 990 τοῖσι
1323 941 1327 950 “

224 1033 458 1118 βουλομένοισι
496 1028 580 1097 εἶναι
611 1030 817 1116 ἐλευθέροισι
848 1030 1037 1115 ἐξήγγειλαν
1073 1033 1113 1096 τά
1147 1027 1248 1118 χρη.”

225 1138 350 1204 11ῖθέντα
380 1140 522 1221 αὐτοῖσι,
554 1141 613 1202 καί
640 1154 701 1222 σφι
728 1139 845 1214 δεινῶς
870 1135 1135 1222 καταρρωδέουσι
1166 1139 1227 1204 τὸν

224 1245 395 1330 βάρβαρον
430 1243 671 1328 ἐξαγγείλαντες
701 1244 798 1329 χάριν
829 1243 998 1309 ἀθάνατον
1032 1242 1226 1310 κατέθεντο·

223 1351 305 1434 μετά
337 1347 374 1415 δὲ
404 1359 505 1415 ταῦτα
539 1351 573 1414 οί
597 1347 727 1433 Δελφοὶ
757 1359 844 1413 τοῖσι
874 1347 1024 1433 ἀνέμοισι
1049 1351 1163 1434 βωμόν
1189 1374 1227 1416 τε

224 1454 385 1533 ἀπέδεξαν
417 1455 454 1520 έν
485 1458 585 1540 Θυίη,
621 1463 660 1539 τῇ
691 1476 751 1540 περ
783 1463 840 1537 τῆς
870 1457 1027 1538 Κηφισοῦ
1057 1457 1228 1541 θυγατρὸς

224 1565 329 1645 Θυίης
350 1562 387 1626 τὸ
409 1560 544 1645 τέμενός
566 1560 645 1643 ἐστι,
668 1555 717 1625 ἐπ’
743 1555 781 1643 ἧς
803 1557 857 1624 καὶ
880 1559 898 1624 ὁ
921 1569 1027 1645 χῶρος
1049 1555 1146 1637 οὗτος
1163 1563 1227 1645 τὴν
1326 1595 1327 1610 ¹

225 1668 417 1751 ἐπωνυμίην
441 1669 517 1751 ἔχει,
539 1664 594 1731 καὶ
616 1669 759 1751 θνσίησί
773 1682 877 1749 σφεας
895 1667 1059 1750 μετήισαν.
1094 1667 1227 1753 Δελφοὶ

224 1770 286 1858 μὲν
309 1773 350 1856 δὴ
372 1773 512 1837 κατὰτὸ
535 1773 734 1857 χρηστήριον
757 1774 804 1836 ἔτι
825 1769 880 1836 καὶ
901 1780 966 1836 νῦν
987 1773 1066 1848 τοὺς
1083 1771 1227 1856 άνέμους

226 1880 423 1946 ίλάσκονται.

174 2004 223 2052 179
308 1982 350 2051 ‘0
374 1985 430 2049 ΔΕ
461 1985 614 2060 ναυτικὸς
645 1982 771 2068 Ξέρξεω
803 1984 940 2066 στρατὸς
971 1983 1162 2069 ὁρμώμενος
1189 1987 1226 2052 έκ
1326 1965 1327 1978 ¹

110 2181 112 2185 Ι
225 2091 355 2177 Θέρμης
376 2094 491 2167 πόλιος
512 2087 677 2174 παρέβαλε
699 2086 800 2171 νηυσὶ
818 2097 893 2173 τῇσι
910 2091 1027 2172 άριστα
1044 2092 1224 2177 πλεούσῃσι

225 2195 305 2260 δέκα
333 2199 393 2260 ίθύ
415 2197 582 2278 Σκιάθου,
611 2198 695 2260 ἔνθα
721 2190 806 2278 ἦσαν
830 2194 1127 2279 προφυλάσσουσαι
1152 2196 1226 2274 νέες
1326 2197 1327 2210 ’

224 2312 312 2384 τρεῖς
331 2297 533 2384 Ἑλληνίδες,
561 2304 734 2385 Τροιζηνίη
757 2323 792 2366 τε
818 2298 872 2364 καὶ
895 2302 1051 2384 Αίγιναίη
1078 2300 1133 2366 καὶ
1156 2297 1225 2368 Ἀτ-

224 2408 306 2488 τικη.
342 2407 534 2490 προϊδόντες
557 2403 594 2471 δέ
612 2401 704 2470 οὗτοι
725 2407 783 2482 τάς
804 2405 881 2482 νέας
902 2417 969 2472 τῶν
992 2408 1169 2492 βαρβάρων
1191 2409 1226 2486 ές
1326 2411 1327 2424 ’

174 2529 224 2578 180
234 2512 347 2596 φυγὴν
375 2511 538 2596 ὥρμησαν.
583 2513 644 2594 την
671 2507 731 2594 μὲν
759 2512 799 2594 δὴ
827 2514 1036 2595 Τροιζηνίην,
1066 2521 1123 2597 τῆς
1144 2511 1225 2600 ἦρχε

226 2616 407 2703 Πρηξῖνος,
435 2617 550 2682 αὐτίκα
577 2615 726 2699 αἱρέουσι
753 2617 964 2702 ἐπισπόμενοι
991 2618 1027 2681 οί
1048 2619 1225 2704 βάρβαροι·

224 2722 279 2790 καὶ
311 2726 420 2789 ἔπειτα
450 2733 517 2787 τῶν
549 2721 728 2806 ἐπιβατέων
756 2723 855 2806 αὐτῆς
884 2723 944 2787 τὸν
970 2727 1225 2792 καλλιστεύοντα

225 2832 404 2915 ἀγαγόντες
431 2825 484 2894 ἐπὶ
505 2828 566 2911 την
589 2825 725 2916 πρῴρην
747 2837 804 2910 τῆς
825 2828 901 2903 νεὸς
923 2826 1086 2912 ἔσφαξαν,
1114 2831 1225 2896 διαδέ-

226 2937 298 3016 ξιον
324 2936 514 3020 ποιεύμενοι
538 2935 597 2999 τὸν
620 2925 710 3008 εἷλον
736 2944 803 2998 τῶν
821 2929 988 3016 Ἑλλήνων
1010 2946 1142 3017 πρῶτον
1169 2937 1225 3002 καὶ
1326 2985 1327 2988 ,

226 3044 410 3108 κάλλιστον.
457 3047 502 3127 τῷ
536 3036 572 3104 δέ
608 3036 850 3122 σφαγιασθέντι
881 3039 987 3126 τούτῳ
1020 3041 1148 3126 οὔνομα
1181 3039 1225 3126 ἧν
1326 3067 1327 3142 χ

177 3149 335 3214 ιεῙΛέων·
357 3147 439 3231 τάχα
462 3139 492 3209 δ’
517 3146 559 3209 άυ
581 3167 613 3208 τι
635 3141 690 3208 καὶ
707 3153 767 3208 τοῦ
786 3144 969 3228 οὐνόματος
986 3145 1170 3231 ἐπαύροιτο.
1203 3147 1224 3230 ἡ
1326 3143 1327 3148 ’

227 3250 264 3317 δὲ
282 3256 452 3336 Αἰγιναίη,
476 3259 533 3334 τῆς
555 3250 761 3336 ἐτριηράρχεε
780 3245 970 3332 Ἀσωνίδης,
997 3255 1056 3316 καί
1069 3253 1145 3316 τινά
1163 3269 1225 3337 σφι

225 3359 377 3442 θόρυβον
408 3356 548 3440 παρέσχε
575 3355 701 3420 Πυθέω
731 3363 792 3420 τοῦ
819 3351 984 3440 Ἰσχενόου
1015 3356 1225 3440 ἐπιβατεύον-

226 3486 293 3545 τος,
311 3462 433 3548 άνδρὸς
451 3461 587 3547 άρίστου
604 3458 786 3545 γενομένου
803 3461 926 3544 ταύτην
942 3462 1004 3545 τὴν
1025 3461 1164 3549 ἡμέρην·
1187 3463 1225 3540 ὃς
