2640 3960
404 301 794 358 ΜΒῊ.ωΒω-ω
1062 303 1104 368 ὦ

92 455 250 528 γυναῖκα,
265 445 300 510 ἐκ
312 454 370 529 τῆς
385 445 420 510 οί
429 444 528 511 τέκνα
543 444 671 528 ἐγένετο
686 443 726 511 τδι
739 445 773 522 ές
783 446 915 532 Πέρσας
930 445 1104 532 κεκοσμέα-

92 575 158 618 ται.
182 553 370 635 Μιλτιάδης
391 549 428 617 δέ
444 551 477 630 ἐξ
487 549 627 638 Ἴμβρου
641 551 827 618 ἀπικνέεται
841 552 874 630 ές
887 555 945 630 τὰς
951 552 1103 637 Ἀθήνας.

186 657 253 722 Καὶ
275 660 356 724 κατὰ
378 659 416 723 τὸ
439 661 512 734 ἔτος
539 666 637 724 τοῦτο
666 658 702 724 έκ
729 671 796 724 τῶν
819 657 978 745 Περσέων
1003 659 1104 726 οὐδέν
1122 685 1156 734 42

94 764 150 832 ἐπὶ
173 763 275 830 πλέον
299 763 427 848 ἐγένετο
450 765 579 829 τούτων
601 763 635 840 ές
652 775 761 841 νεῖκος
779 764 884 849 φέρου
894 763 998 847 Ἴωσι,
1022 766 1104 830 ἀλλά

93 873 176 936 τάδε
200 869 261 955 μέν
280 873 420 956 χρήσιμα
438 871 541 956 κάρτα
559 869 744 936 τοῖσιἼωσι
758 871 888 954 ἐγένετο
903 872 1025 936 τούτου
1043 879 1104 936 τοῦ

95 983 201 1054 ἔτεος·
212 974 434 1063 Ἀρταφρένης
448 975 466 1041 δ
480 978 639 1062 Σαρδίων
653 977 800 1062 ὕπαρχος
813 977 1106 1063 μεταπεμψάμενος

95 1083 259 1168 ἀγγέλους
280 1082 317 1148 έκ
338 1094 406 1147 τῶν
428 1086 554 1148 πολίων
573 1085 744 1167 συνθήκας
763 1087 858 1166 σφίσι
877 1085 1006 1149 αύτοῐσι
1024 1086 1103 1159 τοὺς

85 1193 210 1267 Ἴωνας
229 1189 393 1272 ήνάγκασε
416 1189 604 1271 ποιέεσθαι,
628 1189 683 1254 ἵνα
707 1191 871 1256 δοσίδικοι
895 1185 961 1255 είευ
983 1187 1038 1255 καὶ
1060 1191 1104 1273 μή

81 1299 262 1378 Ιἀλλήλους
293 1294 428 1379 φέροιέν
457 1293 571 1360 τεκαὶ
599 1295 721 1377 ἀγοιεν.
754 1296 856 1360 ταῦτά
882 1319 917 1362 τε
940 1296 1105 1380 ήνάγκασε

95 1403 225 1469 ποιέειν
233 1399 288 1466 καὶ
297 1403 353 1478 τὰς
362 1402 470 1486 χώρας
485 1399 597 1484 σφέων
612 1403 773 1484 μετρήσας
786 1404 868 1467 κατὰ
880 1402 1104 1487 παρασάγγας,

61 1532 64 1540 ·
94 1511 177 1585 τοὺς
199 1505 353 1572 καλέουσι
377 1507 412 1570 οἱ
432 1505 560 1590 Πέρσαι
589 1508 630 1570 τά
654 1509 831 1592 τριήκοντα
863 1509 994 1590 στάδια,
1024 1509 1106 1572 κατὰ

96 1617 140 1698 δή
163 1615 303 1689 τούτους
324 1615 486 1698 μετρήσας
508 1615 635 1698 φόρους
658 1613 748 1691 ἔταξε
772 1613 948 1697 ἑκάστοισι,
973 1617 1008 1679 οἳ
1023 1616 1104 1678 κατά

95 1723 210 1806 χώρην
234 1717 438 1784 διατελέουσι
461 1721 590 1802 ἔχοντες
613 1718 649 1783 ἐκ
670 1719 792 1783 τούτου
814 1728 875 1784 τοῦ
898 1721 1022 1806 χρόνον
1041 1717 1106 1784 αίελ

97 1829 146 1892 ἔτι
174 1823 229 1890 καὶ
256 1823 289 1900 ἐς
316 1821 372 1907 ἐμὲ
401 1823 445 1900 ὡς
472 1823 659 1908 ἐτάχθησαν
689 1822 722 1902 ἐξ
751 1821 1003 1909 Ἀρταφρένεος·
1036 1824 1106 1889 έτά-

97 1939 232 2016 χθησαυ
255 1926 292 1994 δέ
313 1931 432 2013 σχεδὸν
454 1933 535 1994 κατὰ
557 1930 659 1994 ταύτά
681 1931 720 1994 τά
743 1927 983 2014 καὶπρότερον
1006 1925 1105 2015 εἶχον.

97 2041 157 2104 καί
176 2053 238 2120 σφι
260 2043 362 2100 ταῦτα
384 2033 445 2118 μέν
469 2037 618 2120 εἰρηναῖα
641 2030 701 2118 ήυ·
723 2035 790 2119 ἀμα
814 2032 851 2099 δέ
872 2044 918 2122 τῷ
942 2037 1014 2121 ἔαρι
1037 2047 1104 2100 τῶν
1124 2061 1157 2109 43

97 2146 210 2208 ἀλλων
239 2140 511 2224 καταλελυμένων
540 2151 732 2226 στρατηγῶν
762 2140 798 2205 ἐκ
828 2140 980 2224 βασιλέος
1010 2145 1107 2228 Μαρ-

98 2252 214 2325 δόνιος
236 2247 255 2312 δ
278 2249 442 2330 Γοβρύεω
465 2245 636 2330 κατέβαινε
659 2244 712 2311 ἐπὶ
738 2247 928 2329 θάλασσαν,
964 2250 1106 2334 στρατὸν

97 2355 225 2420 πολλὸν
249 2349 310 2436 μὲν
341 2353 444 2435 κάρτα
476 2355 573 2432 πεζὸν
605 2353 671 2437 ἅμα
703 2352 878 2437 ἀγόμενος,
910 2355 1036 2420 πολλὸν
1069 2351 1106 2419 δὲ

97 2463 272 2540 ναυτικόν,
301 2458 432 2540 ήλικίην
454 2481 489 2523 τε
511 2458 587 2536 νέος
609 2458 673 2524 έὼν
696 2456 751 2523 καλ
773 2457 892 2524 νεωστὶ
914 2461 1106 2544 γεγαμηκὼς

98 2564 252 2650 βασιλέος
283 2567 431 2649 Δαρείου
461 2562 630 2649 θυγατέρα
654 2561 906 2652 Ἀρτοζώστρην.
947 2567 1038 2649 ἀγωυ
1069 2563 1107 2630 δέ

98 2675 158 2737 τὸν
182 2673 323 2753 στρατὸν
346 2679 465 2735 τοῦτον
485 2670 502 2734 ὁ
521 2672 717 2755 Μαρδόνιος
740 2671 845 2736 ἐπείτε
864 2671 992 2754 ἐγένετο
1012 2672 1048 2736 έν
1067 2679 1106 2754 τη
1158 2729 1159 2732 ,

99 2781 246 2862 Κιλικίη,
270 2777 369 2853 αὐτὸς
387 2774 448 2860 μέν
467 2776 581 2858 ἐπιβάς
599 2774 651 2841 ἐπὶ
670 2778 745 2853 νεὸς
764 2778 928 2862 ἐκομίζετο
948 2778 1014 2860 άμα
1032 2785 1106 2860 τῇσι

99 2887 219 2969 ἀλλησι
240 2885 356 2964 νηυσί,
385 2883 541 2966 στρατιήν
569 2878 605 2946 δὲ
627 2883 688 2965 τήν
711 2884 810 2965 πεζήν
832 2885 927 2946 ἀλλοι
948 2881 1107 2964 ἡγεμόνες

98 2987 183 3073 ἦγον
193 2987 246 3054 ἐπὶ
259 2989 319 3052 τὸυ
329 2983 580 3070 Ἑλλήσποντον.
602 2987 647 3063 ὡς
661 2985 698 3051 δὲ
711 2985 908 3071 παραπλέων
921 2987 982 3069 τήν
994 2983 1107 3069 Ἀσίην

100 3096 234 3160 ἀπίκετο
254 3095 271 3159 ὁ
286 3095 483 3178 Μαρδόνιος
501 3093 534 3170 ἐς
551 3089 770 3176 τήν·Ἰωυίηυ,
791 3093 937 3157 ἐνθαῦτα
951 3091 1107 3176 μέγιστον

99 3207 198 3285 θῶμα
212 3199 293 3285 ἐρέω
307 3211 394 3265 τοῖσι
409 3201 452 3284 μή
473 3199 745 3283 ἀποδεκομένοισι
760 3194 929 3280 Ἑλλήνων
949 3199 1107 3283 Περσέων

100 3318 186 3372 τοῖσι
210 3305 290 3372 ἑπτά
307 3303 440 3371 Ὀτάνεα
463 3307 600 3389 γνώμην
623 3303 848 3382 ἀποδέξασθαι
872 3303 916 3380 ὡς
938 3307 1037 3389 χρεὸν
1055 3311 1106 3390 είη

101 3411 386 3498 δημοκρατέεσθαι
410 3408 557 3494 Πέρσας·
579 3411 658 3485 τοὺς
675 3410 739 3494 γάρ
757 3408 943 3493 τυράννους
961 3421 1029 3476 τῶν
1040 3409 1108 3478 Ἰύ-

100 3543 168 3584 νωυ
188 3517 398 3592 καταπαύσας
421 3515 543 3591 πάντας
558 3514 576 3581 ὁ
591 3515 786 3596 Μαρδόνιος
801 3516 1020 3599 δημοκρατίας
1033 3541 1108 3583 κατ·
