2678 3970
430 255 497 312 ΜΒ.
512 257 572 313 vn.
610 258 846 318 cmo-102.
1078 261 1142 326 183

137 401 334 483 μετωπηδὸν
361 398 416 466 καί
439 401 667 480 ἐξοπλίσαντες
689 405 767 480 τοὺς
786 403 939 487 ἐπιβάτας
962 405 1006 482 ὡς
1029 405 1062 482 ές
1083 407 1144 470 πό-

136 509 249 589 λεμον.
294 503 369 571 ὁδ’
401 506 494 584 έντὸς
516 520 583 574 τῶν
609 508 770 596 πρωρέων
796 509 905 576 πλέων
934 510 1064 594 ἐθηεῖτο
1087 508 1143 576 καὶ

136 619 199 675 τοῦ
222 613 384 694 αἰγιαλοῦ.
649 626 653 631 ’

223 712 279 793 Ὡς
306 714 343 784 δέ
368 717 424 785 καί
449 719 569 798 ταύτας
596 719 791 800 διεξέπλωσε
817 719 873 786 καὶ
900 720 992 806 ἐξέβη
1016 723 1051 788 έκ
1076 732 1134 806 τής
1145 738 1197 789 101

137 824 224 904 νεός,
248 824 473 910 μετεπέμψατο
492 826 696 912 Δημάρητον
713 828 773 892 τὸν
789 824 985 913 Ἀρίστωνος
1003 843 1144 912 συστρα-

137 931 319 1014 τευόμενον
346 931 434 1018 αὐτῷ
463 930 516 996 έπί
543 933 604 1015 τήν
626 929 783 1016 Ἑλλάδα,
813 933 953 1010 καλέσας
979 930 1016 998 δ”
1041 933 1145 997 αὐτὸν

137 1040 245 1120 εἰρετο
268 1035 361 1101 τάδε·
388 1037 580 1123 Δημάρητε,
603 1047 667 1103 νῦν
690 1041 750 1122 μοί
769 1054 806 1103 σε
828 1038 894 1121 ήδύ
915 1061 948 1103 τι
971 1035 1040 1105 έστί
1062 1036 1145 1122 εἰρέ-

138 1147 222 1206 σθαι
244 1143 284 1206 τά
306 1140 405 1206 θέλω.
447 1145 490 1206 σὺ
513 1138 560 1220 εἰς
575 1141 697 1227 Ἕλλην
720 1167 765 1227 τε,
788 1141 843 1209 καί
866 1143 911 1220 ὣς
933 1143 996 1227 ἐγὼ
1015 1147 1145 1208 πυνθά-

138 1271 240 1332 νομαι
267 1256 327 1313 σεῦ
348 1270 383 1313 τε
409 1245 466 1313 καὶ
491 1259 559 1314 τῶν
588 1250 698 1314 ἀλλων
721 1247 890 1334 Ἑλλήνων
915 1261 983 1314 τῶν
1011 1245 1083 1334 έμοί
1111 1249 1145 1326 ές

139 1356 261 1436 λόγους
275 1353 533 1438 ἀπικνεομένων,
551 1357 667 1432 πόλιος
684 1353 755 1420 οὔτ’
774 1356 944 1441 ἐλαχίστης
958 1351 1027 1420 οὔτ’
1045 1354 1145 1419 ἀσθε·

138 1460 306 1542 νεστάτης.
346 1467 411 1525 νῦν
433 1455 482 1526 ὧν
506 1484 562 1545 μοι
584 1462 660 1526 τόδε
680 1461 821 1547 φράσον,
846 1463 877 1525 εἰ
889 1458 1047 1544 Ἕλληνες
1063 1459 1144 1525 ὑπο-

138 1565 295 1656 μενέουσι
317 1576 428 1652 χεϊρας
450 1563 522 1649 ἐμοὶ
545 1565 802 1652 ἀνταειρόμενοι.
848 1567 889 1632 οὐ
911 1567 989 1652 γάρ,
1013 1566 1057 1642 ὡς
1080 1565 1144 1649 έγὼ

140 1670 256 1755 δοκέω,
280 1668 353 1738 οὐδ’
380 1673 411 1737 εἰ
431 1671 550 1748 πάντες
565 1669 722 1754 Ἕλληνες
743 1670 798 1738 καὶ
821 1673 857 1738 οἰ
876 1669 985 1737 λοιποί
1008 1672 1044 1736 οί
1062 1672 1146 1755 πρὸς

139 1776 280 1862 ἑσπέρης
302 1776 465 1854 οἰκέοντες
488 1778 663 1862 άνθρωποι
683 1781 955 1863 συλλεχθείησαν,
979 1777 1040 1842 οὐκ
1058 1776 1145 1855 ἀξιό·

12 1945 18 1966 ‚
139 1886 243 1968 μαχοί
262 1885 325 1948 εἰσι
348 1878 404 1968 έμέ
427 1882 560 1948 ἐπιόντα
583 1883 772 1966 ὑπομείναι,
797 1883 840 1966 μή
860 1882 973 1960 έόντες
995 1883 1144 1967 ἀρθμιοι.

139 1989 230 2055 θέλω
258 1989 371 2074 μέντοι
396 1987 451 2054 καί
478 1990 515 2054 τὸ
543 1987 606 2054 ἀπὸ
636 1997 710 2072 σεῦ,
741 1987 854 2054 ὁκοῖόν
880 1985 912 2052 τ“ι
938 1987 1043 2072 λέγεις
1069 1985 1143 2073 περλ

140 2095 268 2180 αὐτῶν,
301 2094 481 2160 πυθέσθαι.
526 2094 544 2160 ὁ
572 2091 633 2180 μέν
664 2103 767 2159 ταῦτα
794 2095 926 2179 εἰρώτα,
954 2093 972 2159 ὁ
1001 2093 1037 2160 δὲ
1064 2094 1146 2160 ὑπο·

141 2203 254 2287 λαβὼν
276 2204 354 2286 ἔφη·
382 2203 533 2284 βασιλεῦ,
561 2202 679 2282 κότερα
708 2199 847 2285 ἀληθείη
870 2199 1040 2284 χρήσωμαι
1062 2201 1146 2285 πρὸς

140 2305 180 2372 σε
210 2305 231 2391 ή
261 2307 381 2391 ήδονή;
419 2305 437 2371 ὁ
466 2305 505 2370 δέ
534 2329 592 2390 μιν
623 2304 763 2390 ἀληθείη
791 2308 979 2390 χρήσασθαι
1006 2305 1143 2388 έκέλευε,

141 2413 208 2498 φὰς
230 2409 331 2477 οὐδέν
354 2411 390 2477 οἰ
409 2411 608 2497 ἀηδέστερον
632 2413 767 2477 ἔσεσθαι
785 2411 805 2495 ή
824 2412 986 2498 πρότερον
1003 2407 1054 2496 ήν.
1091 2413 1135 2490 ὡς
1145 2428 1198 2480 1οπ

142 2514 180 2584 δέ
210 2526 312 2582 ταῦτα
340 2519 462 2601 ήκουσε
490 2517 703 2604 Δημάρητος,
736 2519 827 2600 ἔλεγε
859 2517 951 2582 τάδε·
988 2521 1143 2601 Βασιλεῦ,

140 2624 255 2708 ἐπειδή
283 2623 423 2712 άληθείη
452 2624 702 2709 διαχρήσασθαι
722 2621 851 2698 πάντως
872 2624 1016 2699 κελεύεις
1041 2632 1144 2687 ταῦτα

142 2730 281 2815 λέγοντα
303 2732 343 2794 τά
365 2731 408 2814 μή
431 2730 636 2813 ψευδόμενός
656 2753 707 2805 τις
728 2727 868 2811 ὕστερον
891 2716 956 2793 ὑπὸ
978 2737 1038 2793 σεῦ
1061 2727 1145 2792 διλό-

143 2855 244 2920 σεται,
265 2843 305 2921 πή
323 2832 457 2900 Ἑλλάδι
478 2837 574 2918 πενίη
598 2831 659 2919 μὲν
682 2835 750 2898 αἰεί
764 2856 839 2898 κοτε
858 2833 1047 2916 σύντροφός
1064 2832 1144 2917 έστι,

143 2942 240 3027 ἀρετή
268 2938 306 3006 δέ
329 2942 465 3016 ἔπακτός
488 2940 571 3023 ἐστι,
600 2939 664 3005 ἀπό
690 2962 725 3003 τε
753 2941 873 3022 σοφίης
899 2937 1143 3022 κατεργασμένη
1233 2985 1238 2997 .

143 3047 197 3114 καὶ
224 3049 330 3131 νόμου
359 3047 510 3131 ἰσχυροῦ’
539 3054 579 3130 πή
602 3042 827 3129 διαχρεωμένη
850 3043 870 3126 ή
889 3039 1005 3118 Ἑλλάς
1026 3046 1087 3126 τήν
1109 3067 1145 3110 τε

142 3157 261 3239 πενίην
288 3153 491 3236 ἀπαμύνεται
517 3149 572 3216 καὶ
599 3152 660 3234 τήν
689 3149 907 3230 δεσποσύνην.
953 3147 1052 3214 αἰνέω
1084 3147 1145 3234 μέν

142 3285 207 3326 νυν
234 3259 357 3334 πάντας
380 3255 542 3339 Ἕλληνας
568 3259 647 3331 τοὺς
668 3251 743 3338 περὶ
766 3251 913 3330 ἐκείνους
934 3253 1013 3331 τοὺς
1034 3260 1146 3342 Δωρι-

143 3368 222 3444 κοὺς
248 3367 377 3450 χώρους
403 3361 614 3446 οἰκημένους,
646 3363 781 3446 ἔρχομαι
809 3356 846 3424 δὲ
872 3357 975 3438 λέξων
1003 3360 1044 3426 οὐ
1070 3359 1145 3443 περὶ

143 3472 276 3537 πάντων
293 3471 413 3535 τούσδε
430 3471 508 3545 τοὺς
526 3470 657 3550 λόγους,
681 3465 762 3531 ἀλλὰ
779 3463 854 3545 περὶ
872 3467 1145 3541 Λακεδαιμονίων
