2572 3980
196 277 216 339 6
407 339 410 346 ,
606 271 793 327 περονοτι

195 423 245 500 είη
276 413 313 482 δὲ
339 416 360 501 ἡ
384 419 528 500 Παιονίη
556 414 608 482 ἐπὶ
634 424 679 504 τῷ
703 418 875 501 Στρυμόνι
902 422 1036 503 ποταμῷ
1063 420 1198 482 πεπολι-

195 522 313 608 σμένη,
342 522 360 588 ὁ
390 520 427 587 δέ
450 523 615 608 Στρυμὼν
643 522 683 586 οὐ
710 524 822 607 πρόσω
854 530 914 586 τοῦ
941 517 1197 604 Ἑλλησπόντου,

195 634 311 711 είησαν
340 624 376 693 δέ
407 632 562 713 Τευκρῶν
589 639 657 692 τῶν
684 626 720 693 ἐκ
746 630 865 712 Τροίης
891 627 1030 691 άποικοι.
1077 626 1112 691 οί
1135 624 1198 710 μὲν

195 735 237 817 δή
268 742 369 799 ταῦτα
396 733 516 799 ἕκαστα
543 737 672 816 ἔλεγον,
701 732 718 797 ὁ
747 728 784 798 δέ
812 733 929 816 εἰρώτα
956 733 987 797 εί
1011 729 1067 796 καὶ
1094 741 1198 796 πᾶσαι

194 844 309 921 είησαν
332 840 453 934 αὐτόθι
476 840 513 904 αί
532 849 685 922 γυναῖκες
707 838 793 902 οὕτω
817 837 992 920 ἐργάτιδες.
1030 836 1065 900 οί
1085 833 1122 902 δέ
1140 835 1197 902 καί

193 954 291 1009 τοῦτο
319 947 447 1029 ἔφασαν
473 945 655 1030 προθύμως
683 943 767 1008 οὕτω
796 945 895 1027 ἐχειν·
927 942 1030 1007 αὐτοῦ
1056 943 1120 1027 γάρ
1147 937 1198 1006 ὧν
1269 368 1281 948 ἐ

143 1068 176 1118 14
194 1051 314 1114 τούτου
338 1051 447 1116 εἵνεκα
469 1047 523 1114 καὶ
546 1049 698 1114 ἐποιέετο.
740 1049 886 1113 ἐνθαῦτα
909 1053 1054 1133 Δαρεῖος
1074 1049 1198 1133 γράφει

193 1155 365 1239 γράμματα
389 1155 587 1244 Μεγαβάζῳ,
614 1156 673 1219 τὸν
703 1158 792 1220 ἔλιπε
820 1155 856 1220 ἐν
883 1163 922 1239 τῇ
945 1157 1070 1239 Θρηίκη
1099 1170 1197 1238 στρα-

192 1263 310 1345 τηγόν,
343 1261 574 1346 ἐντελλόμενος
605 1259 820 1344 ἐξαναστῆσαι
847 1259 880 1338 ἐξ
906 1259 1019 1343 ἠθέων
1047 1262 1196 1336 Παίονας

193 1363 248 1430 καὶ
270 1363 347 1451 παρ’
373 1365 498 1432 ἑωυτὸν
521 1366 656 1449 ἀγαγεῖν
678 1364 733 1430 καλ
756 1366 878 1442 αὐτοὺς
900 1363 954 1430 καὶ
972 1365 1070 1432 τέκνα
1088 1388 1122 1430 τε
1140 1363 1195 1430 καὶ

193 1483 351 1554 γυναῖκας
378 1472 495 1536 αὐτῶν.
541 1472 657 1536 αὐτίκα
685 1469 722 1536 δέ
749 1471 865 1548 ἱππεὺς
892 1473 966 1536 έθεε
994 1470 1107 1555 φέρων
1135 1473 1195 1554 τήν

193 1577 349 1660 ἀγγελίην
367 1575 416 1642 ἐπὶ
436 1579 496 1642 τὸν
509 1574 761 1660 Ἑλλήσποντον,
780 1574 978 1661 περαιωθεὶς
996 1573 1034 1642 δέ
1051 1577 1144 1642 διδοῖ
1158 1578 1194 1641 τὸ

193 1686 325 1766 βιβλίον
346 1692 392 1771 τῷ
415 1683 608 1770 Μεγαβάζῳ.
654 1683 672 1749 ὁ
696 1679 732 1748 δέ
755 1681 984 1766 ἐπιλεξάμενος
1005 1679 1060 1746 καὶ
1083 1683 1195 1765 λαβὼν

193 1787 355 1872 ἡγεμόνας
382 1787 417 1853 ἐκ
443 1797 500 1872 τῆς
523 1793 666 1874 Θρηίκης
694 1789 903 1872 ἐστρατεύετο
931 1785 983 1852 ἐπὶ
1006 1788 1066 1870 τήν
1090 1792 1195 1862 Παιο-

143 1913 175 1962 15
193 1896 279 1975 νέην.
310 1895 496 1978 πυθόμενοι
516 1891 552 1958 δέ
571 1896 606 1958 οί
617 1898 762 1970 Παίονες
778 1897 856 1970 τοὺς
871 1891 1002 1978 Πέρσας
1021 1890 1073 1957 ἐπὶ
1092 1893 1195 1978 σφέας

194 1997 289 2083 ἰέναι,
312 1999 504 2077 ἁλισθέντες
523 1998 813 2082 ἐξεστρατεύσαντο
831 2000 915 2083 πρὸς
932 1998 1115 2081 θαλάσσης,
1140 2001 1195 2064 δο·

192 2105 322 2183 κάοντες
346 2107 447 2191 ταύτῃ
471 2106 687 2192 ἐπιχειρήσειν
709 2107 787 2182 τοὺς
811 2105 944 2189 Πέρσας
966 2104 1195 2188 ἐσβάλλοντας.

193 2211 229 2274 οί
239 2209 300 2294 μὲν
314 2213 355 2295 δή
370 2216 514 2288 Παίονες
527 2207 613 2295 ἦσαν
627 2211 751 2294 ἕτοιμοι
764 2211 823 2276 τὸν
838 2211 1038 2295 Μεγαβάζου
1052 2212 1196 2294 στρατὸν

193 2315 327 2380 ἐπιόντα
350 2317 493 2400 ἐρύκειν,
518 2318 553 2381 οί
573 2314 610 2380 δέ
633 2315 760 2400 Πέρσαι
781 2319 969 2398 πυθόμενοι
992 2319 1196 2382 συναλίσθαι

192 2422 270 2496 τοὺς
289 2424 438 2497 Παίονας
459 2420 514 2485 καὶ
536 2421 597 2504 τήν
619 2421 701 2504 πρὸς
718 2421 889 2504 θαλάσσης
907 2421 1048 2505 ἐσβολήν
1067 2423 1196 2506 φυλάσ-

193 2543 326 2609 σοντας,
359 2529 488 2610 ἔχοντες
516 2526 676 2608 ἡγεμόνας
706 2527 767 2609 τήν
794 2527 863 2591 άνιυ
891 2526 973 2592 ὁδὸν
1003 2527 1195 2611 τράπονται,

193 2633 353 2706 λαθόντες
380 2626 417 2694 δέ
444 2632 521 2706 τοὺς
544 2633 692 2706 Παίονας
719 2631 912 2696 ἐσπίπτουσι
939 2631 973 2709 ἐς
994 2634 1052 2709 τάς
1077 2636 1196 2710 πόλιας

193 2737 318 2819 αὐτῶν,
346 2735 463 2812 ἐούσας
490 2735 623 2819 ἀνδρῶν
651 2735 804 2820 ἐρήμους·
832 2729 886 2802 οἷα
913 2734 950 2803 δὲ
976 2747 1104 2822 κεινῇσι
1127 2739 1195 2804 ἐπι-

192 2845 346 2918 πεσόντες
372 2840 530 2918 εὐπετέυς
555 2841 723 2926 κατέσχον.
768 2843 804 2908 οί
824 2839 861 2908 δέ
884 2847 1028 2921 Παίονες
1049 2845 1094 2921 ὡς
1117 2844 1194 2911 ἐπύ-

191 2955 296 3014 θοντο
328 2947 483 3032 ἐχομένας
511 2949 568 3024 τάς
594 2950 724 3031 πόλιας,
757 2949 872 3013 αὐτίκα
899 2948 1195 3027 διασκεδασθέντες

191 3051 261 3119 κατ’
284 3052 426 3130 ἑωυτοὺς
445 3052 574 3118 ἕκαστοι
588 3053 767 3136 ἐτράποντο
781 3051 835 3117 καὶ
849 3055 1072 3138 παρεδίδοσαν
1090 3054 1195 3140 σφέας

193 3159 313 3234 αὐτοὺς
330 3170 416 3224 τοῖσι
437 3159 594 3245 Πέρσησι.
631 3159 717 3224 οὕτω
737 3159 777 3241 δή
797 3160 953 3224 Παιάνων
972 3161 1194 3244 Σιροπαίονές

192 3289 226 3330 τε
253 3261 307 3329 καὶ
330 3266 497 3330 Παιόπλαι
524 3263 578 3330 καὶ
606 3265 641 3330 οί
668 3263 761 3348 μέχρι
783 3272 840 3347 τῆς
862 3265 1053 3350 Πρασιάδος
1076 3269 1194 3350 λίμνης

142 3388 174 3437 16
193 3369 226 3449 ἐξ
248 3369 361 3454 ἠθέων
388 3370 620 3449 ἐξαναστάντες
646 3372 766 3452 ἤγοντο
790 3369 822 3444 ἐς
849 3370 909 3452 τήν
928 3366 1049 3453 Ἀσίην.
1095 3372 1131 3436 οί
1156 3368 1193 3436 δέ

192 3479 269 3561 περί
293 3499 328 3542 τε
355 3477 527 3561 Πάγγαιον
554 3477 632 3558 όρος
665 3472 733 3554 [καὶ
759 3477 915 3558 Δόβηρας
942 3473 995 3539 καὶ
1020 3469 1193 3558 Ἀγριᾶνας
