2632 3970
430 258 497 312 ΗΒ.
512 257 558 313 lx.
595 255 670 312 οΑΡ.
691 264 812 314 ει-εε.
1058 257 1123 322 343

117 407 226 482 τιῆται
259 401 416 483 λαβόντες
447 401 570 484 έδησαν
604 399 656 466 ἐπὶ
686 402 822 489 θανάτῳ
850 403 894 480 ὡς
921 405 1124 481 πεπονθότες

119 505 227 570 πολλά
251 527 286 571 τε
310 503 365 571 καί
389 506 529 593 ἀνάρσια
551 505 609 572 ὑπ’
636 507 747 572 αύτοῦ.
789 507 806 573 ὁ
831 505 868 572 δέ
891 508 1054 596 ἐντούτῳ
1077 517 1123 597 τῷ

118 619 209 698 κακῷ
238 610 406 697 ἐχόμενος,
437 613 520 678 ὥστε
546 612 671 698 τρέχων
698 611 773 699 περὶ
795 622 852 697 της
874 623 981 698 ψυχῆς
1002 617 1067 698 πρό
1088 636 1123 680 τε

117 726 180 782 τοῦ
206 719 358 783 θανάτου
384 720 577 802 πεισόμενος
603 719 708 783 πολλά
730 742 765 784 τε
791 716 846 784 καὶ
873 720 996 805 λυγρά,
1024 722 1123 806 ἔργον

119 822 280 908 ἐργάσατο
311 822 408 908 μέζον
435 827 546 906 λόγου.
592 824 636 901 ὡς
663 826 726 909 γάρ
754 825 796 909 δη
824 823 954 890 ἐδέδετο
977 824 1014 890 ἐν
1037 824 1122 914 ξύλῳ

119 928 341 1017 σιδηροδέτῳ,
379 928 624 1014 ἐσενειχθέντος
662 954 728 1006 κως
766 933 920 1015 σιδηρίου
957 929 1122 1016 ἐκράτησε,

119 1033 236 1100 αὐτίκα
259 1031 296 1099 δὲ
319 1035 501 1120 ἐμηχανᾶτο
525 1035 765 1120 ἀνδρηιότατον
788 1038 887 1122 ἔργον
905 1037 1039 1101 πάντων
1056 1046 1123 1101 τῶν

116 1140 211 1224 ἡμεῖς
241 1141 349 1224 ίδμεν·
380 1143 654 1226 σταθμησάμενος
676 1143 740 1228 γάρ
763 1142 847 1219 ὅκως
868 1140 1072 1220 ἐξελεύσεταί
1091 1143 1127 1207 οί

117 1249 156 1312 τὸ
188 1248 306 1312 λοιπὸν
338 1256 399 1312 τού
425 1249 542 1331 ποδός,
571 1246 711 1332 ἀπέταμε
743 1248 802 1313 τὸν
833 1249 957 1332 ταρσὸν
988 1245 1122 1312 ἑωυτοῦ,

118 1362 221 1419 ταῦτα
245 1349 281 1418 δέ
304 1355 456 1436 ποιήσας,
486 1355 567 1420 ὥστε
591 1356 842 1438 φυλασσόμενος
865 1353 929 1419 ὑπὸ
952 1353 1122 1437 φυλάκων,

119 1456 275 1543 διορύξας
292 1459 352 1524 τὸν
369 1470 482 1544 τοῖχον
501 1458 625 1545 άπέδρη
643 1460 676 1537 ἐς
697 1458 830 1543 Τεγέην,
848 1461 906 1536 τάς
924 1456 985 1544 μὲν
1002 1458 1123 1536 νύκτας

117 1567 356 1650 πορευόμενος,
383 1567 442 1642 τάς
469 1562 505 1631 δέ
531 1566 653 1651 ἡμέρας
678 1566 875 1632 καταδύνων
902 1565 935 1642 ἐς
961 1566 1046 1649 ύλην
1068 1561 1123 1631 καὶ

118 1671 341 1754 αὐλιζόμενος,
360 1671 447 1736 ούτω
467 1671 549 1736 ὥστε
564 1673 837 1758 Λακεδαιμονίων
852 1669 1017 1755 πανδημεὶ
1036 1672 1123 1754 διζη-

106 1775 229 1862 μένων
251 1778 343 1861 τρίτη
368 1777 516 1862 εὐφρόνη
539 1777 698 1860 γενέσθαι
720 1778 757 1843 ἐν
783 1777 900 1863 Τεγέη,
926 1779 1004 1854 τοὺς
1026 1771 1063 1841 δὲ
1086 1775 1122 1841 ἐν

117 1885 249 1967 θώματι
272 1883 402 1970 μεγάλῳ
426 1882 598 1967 ἐνέχεσθαι
621 1893 678 1967 τῆς
699 1907 734 1949 τε
756 1867 892 1968 τόλμης,
916 1883 1062 1969 δρῶντας
1083 1883 1121 1946 τὸ

66 2049 70 2056 .
117 1990 280 2074 ἡμίτομον
302 1998 363 2054 τοῦ
385 1989 488 2064 ποδὸς
509 1992 661 2072 κείμενον
684 1989 837 2054 κάκεῖνον
856 1989 897 2054 ού
916 1986 1122 2072 δυναμένους

118 2096 239 2180 εὑρεῖν.
266 2099 340 2162 τότε
358 2092 419 2179 μὲν
438 2094 524 2161 ούτω
540 2095 714 2186 διαφυγὼν
728 2096 1013 2178 Λακεδαιμονίους
1025 2115 1122 2158 κατα-

118 2201 236 2286 φεύγει
254 2201 288 2278 ές
305 2201 438 2285 Τεγέην,
457 2199 580 2267 έοῦσαν
594 2201 655 2266 ούκ
669 2200 817 2287 ἀρθμίην
830 2201 1122 2284 Λακεδαιμονίοισι
1200 2286 1203 2292 ¹

117 2315 238 2372 τοῦτον
254 2309 319 2372 ’τὸν
342 2310 478 2393 χρόνον·
501 2306 596 2390 ὑγιὴς
619 2303 656 2371 δέ
674 2309 852 2391 γενόμενος
868 2303 924 2371 καὶ
941 2321 1121 2392 προσποιη-
1165 2293 1169 2299 ’

118 2415 261 2498 σάμενος
284 2412 418 2492 ξύλινον
441 2413 527 2477 πόδα
550 2414 740 2495 κατεστήκεε
764 2411 799 2478 ἐκ
820 2419 878 2496 της
902 2409 995 2494 ίθέης
1017 2415 1121 2476 Λακε·

120 2521 323 2604 δαιμονίοισι
336 2517 498 2604 πολέμιος.
523 2518 564 2583 ού
578 2517 690 2603 μέντοι
704 2521 736 2598 ἐς
745 2541 782 2601 γε
795 2517 887 2594 τέλος
902 2519 936 2582 οί
948 2520 1121 2601 συνήνεικε

116 2628 156 2692 τὸ
171 2629 270 2710 ἔχθος
282 2627 320 2691 τὸ
335 2625 369 2703 ἐς
381 2626 665 2708 Λακεδαιμονίους
678 2623 956 2711 συγκεκρημένον·
975 2623 1043 2705 ἥλω
1057 2623 1120 2707 γάρ

118 2735 361 2818 μαντευόμενος
379 2731 416 2796 ἐν
435 2731 600 2817 Ζακύνθῳ
623 2727 678 2794 ὑπ’
705 2730 815 2795 αὐτῶν
837 2727 892 2794 καὶ
914 2726 1070 2795 ἀπέθανε.
1102 2725 1175 2796 δ38

118 2838 179 2924 μέν
195 2862 260 2904 νυν
278 2836 425 2912 θάνατος
443 2832 735 2920 ὁἩγησιστράτου
749 2834 889 2920 ὕστερον
907 2832 1036 2916 ἐγένετο
1054 2842 1122 2897 τῶν

118 2949 347 3027 Πλαταιικῶν,
369 2946 442 3008 τότε
466 2938 503 3007 δὲ
526 2939 578 3008 ἐπὶ
600 2949 644 3028 τῷ
666 2939 799 3028 Ἀσωπῷ
823 2941 1007 3026 Μαρδονίῳ
1030 2961 1121 3024 μεμι-

119 3050 294 3136 σθωμένος
316 3049 377 3115 ούιι
400 3049 514 3131 ὀλίγου
538 3047 656 3112 ἐθύετό
674 3070 709 3112 τε
726 3044 781 3112 καὶ
798 3044 1021 3131 προεθυμέετο
1039 3044 1121 3109 κατά

117 3180 152 3222 τε
170 3159 208 3223 τὸ
227 3160 328 3242 έχθος
345 3156 382 3220 τὸ
401 3154 673 3237 Λακεδαιμονίων
691 3151 746 3218 καὶ
768 3153 849 3217 κατά
866 3153 904 3216 τὸ
921 3149 1045 3237 κέρδος.
1078 3151 1122 3228 ὡς

119 3259 156 3328 δὲ
175 3263 236 3329 οὐκ
255 3259 438 3342 ἐκαλλιέρεε
457 3259 539 3324 ὥστε
557 3258 721 3342 μάχεσθαι
735 3257 811 3322 ούτε
829 3257 957 3322 αύτοῑσι
971 3255 1121 3342 Πέρσησι

118 3366 195 3432 ούτε
225 3377 312 3432 τοῖσι
344 3362 411 3450 μετ’
447 3363 582 3430 ἐκείνων
610 3363 702 3428 ἐοῦσι
724 3357 891 3446 Ἑλλήνων
917 3357 1025 3450 (είχον
1057 3365 1120 3449 γδρ

117 3469 173 3536 καὶ
205 3465 297 3537 οὗτοι
324 3467 373 3536 ἐπ’
407 3468 539 3536 ἑωυτῶν
566 3470 683 3553 μάντιν
707 3464 907 3558 Ἱππόμαχον
933 3469 1121 3535 Λευκάδιον
