2632 3970
386 305 454 361 ΜΒ.
468 305 514 362 lx.
551 306 627 362 cAP.
648 313 805 365 105-108.
1028 308 1093 374 379

80 451 149 535 γάρ
173 449 309 516 έδόκεον
331 448 546 534 ἐντεταμένας
568 450 731 537 εὑρήσειν.
769 446 862 516 οὗτοι
885 450 946 537 μὲν
970 455 1011 539 δη
1031 450 1080 519 ἐπ’
1096 469 1146 520 107

75 553 328 639 Ἑλλησπόντου
351 558 482 623 ἔπλεον·
506 566 573 622 τῶν
597 554 634 623 δὲ
653 557 897 641 ἀποφυγόντων
915 561 1094 645 βαρβάρων

81 661 119 740 ές
145 663 186 727 τά
213 663 297 748 άκρα
323 685 359 728 τε
387 671 445 746 τῆς
466 662 629 745 Μυκάλης
658 661 938 746 κατειληθέντων,
969 663 1094 732 ἐόντων

82 768 128 834 οὐ
140 773 285 850 πολλῶν,
304 768 431 851 ἐγίνετο
449 769 569 852 κομιδὴ
589 768 622 845 ές
636 769 771 853 Σάρδις.
803 768 1038 854 πορευομένων
1056 768 1094 836 δὲ

81 869 157 940 κατ’
182 873 265 939 ὁδὸν
287 877 462 958 Μασίστης
489 872 508 938 δ
531 877 680 960 Δαρείου
704 876 902 959 παρατυχὼν
924 883 970 962 τῷ
993 876 1098 940 πάθεϊ

81 988 131 1068 τῷ
154 982 307 1064 γεγονότι
324 981 385 1045 τὸν
402 982 588 1064 στρατηγὸν
603 977 807 1064 Ἀρταΰντην
826 984 917 1064 ἔλεγε
935 981 1042 1046 πολλά
1058 1003 1094 1048 τε

81 1083 141 1151 καὶ
163 1085 258 1168 κακά,
280 1087 363 1151 άλλα
380 1108 415 1152 τε
432 1083 488 1152 καὶ
506 1088 664 1170 γυναικὸς
682 1089 784 1152 κακίω
803 1088 869 1171 φάς
887 1086 990 1152 αὐτὸν
1009 1080 1095 1152 εἶναι

80 1200 221 1256 τοιαῦτα
245 1194 526 1277 στρατηγήσαντα,
549 1190 604 1257 καὶ
627 1191 721 1271 άξιον
744 1187 830 1258 εἶναι
850 1194 974 1269 παντὸς
991 1201 1095 1258 κακοῦ

80 1298 146 1362 τὸν
173 1294 327 1380 βασιλέος
356 1292 450 1363 οἶκον
477 1299 678 1364 κακώσαντα.
723 1301 813 1384 παρὰ
840 1295 877 1363 δέ
898 1309 985 1363 τοῖσι
1009 1297 1095 1384 Πέρ-

82 1417 164 1489 σησι
182 1404 341 1486 γυναικὸς
362 1406 465 1469 κακίω
487 1404 627 1470 ἀκοῦσαι
652 1403 769 1481 δέννος
791 1401 943 1488 μέγιστός
961 1403 1040 1470 ἐστι.
1076 1403 1095 1469 ό
1175 1481 1176 1486 ¹

85 1506 125 1575 δὲ
153 1507 222 1574 ἐπεὶ
249 1510 355 1574 πολλά
381 1510 518 1593 ἤκουσε,
550 1511 644 1576 δεινά
670 1510 867 1594 ποιεύμενος
896 1517 1016 1575 σπᾶται
1042 1507 1096 1576 έπὶ

83 1616 146 1680 τὸν
168 1617 347 1698 Μασίστην
374 1616 433 1680 τὸν
460 1615 635 1699 άκινάκην,
663 1616 853 1681 ἀποκτεῖναι
874 1615 995 1681 θέλων.
1040 1617 1099 1680 καί

84 1744 145 1805 μιν
168 1719 346 1786 έπνθέοντα
368 1718 534 1805 φρασθεὶς
556 1720 760 1805 Ξειναγόρης
781 1721 798 1787 δ
819 1720 992 1806 Πρηξίλεω
1011 1722 1096 1807 ἀνὴρ

78 1822 369 1911 Ἁλικαρνησσεύς,
394 1827 515 1892 ὄπισθε
538 1824 655 1903 ἑστεὼς
676 1826 780 1892 αὐτοῦ
800 1823 1015 1913 Ἀρταΰντεω,
1039 1825 1096 1912 άρ-

83 1932 178 2010 πάζει
208 1930 311 2016 μέσον
342 1930 398 1998 καί
430 1930 576 2016 ἐξαείρας
603 1935 692 1996 παίει
720 1931 753 2009 ές
780 1933 841 2016 την
867 1941 944 2016 γῆν·
975 1930 1031 1997 καὶ
1059 1931 1096 1997 έν

84 2038 194 2124 τοάτφ
223 2038 259 2102 οί
280 2039 467 2124 δορυφόροι
494 2037 529 2102 οί
548 2040 728 2102 Μασίστεω
753 2036 970 2123 προέστησαν.
1017 2032 1097 2103 όδδ

85 2143 292 2228 Ξειναγόρης
317 2152 420 2208 ταῦτα
447 2143 608 2228 ἐργάσατο
631 2143 748 2228 χάριτα
770 2141 859 2230 αὐτῷ
881 2165 916 2208 τε
939 2145 1096 2230 Μασίστῃ

86 2248 263 2334 τιθέμενος
285 2247 340 2316 καὶ
363 2248 479 2336 Ξέρξη,
503 2249 653 2328 ἐκσώζων
676 2249 735 2314 τὸν
756 2248 921 2333 ἀδελφεὸν
938 2249 998 2314 τὸν
1016 2248 1097 2314 ἐκεί·

86 2375 164 2420 νου·
187 2353 242 2420 καὶ
258 2355 313 2422 διδ
331 2364 429 2421 τοῦτο
443 2356 481 2420 τὸ
496 2357 595 2440 ἔργον
609 2354 813 2441 Ξειναγόρης
826 2357 978 2440 Κιλικίης
991 2355 1097 2438 πάσης
1214 2414 1219 2430 ,

86 2457 166 2544 ἦρξε
189 2462 308 2538 δόντος
331 2459 491 2546 βασιλέος.
528 2472 595 2526 τῶν
614 2457 651 2526 δὲ
669 2455 739 2526 κατ’
762 2460 843 2530 ὁδὸν
860 2460 1097 2547 πορευομένων

88 2563 191 2631 οὐδὲν
214 2569 262 2631 ἔτι
284 2565 386 2633 πλέον
409 2567 536 2632 τούτων
560 2565 703 2650 ἐγένετο,
732 2564 804 2632 ἀλλ’
830 2566 1042 2633 ἀπικνέονται
1064 2566 1098 2643 ές

88 2671 226 2754 Σάρδις.
271 2671 309 2736 έν
337 2668 374 2737 δὲ
400 2680 475 2756 τῇσι
498 2673 642 2758 Σάρδισι
670 2672 827 2756 έτάγχανε
854 2673 920 2738 έὼν
942 2674 1098 2756 βασιλεὺς

87 2776 122 2856 έξ
155 2775 284 2842 ἐκείνου
320 2785 381 2841 τοῦ
416 2780 557 2863 χρόνον,
595 2777 699 2842 ἐπείτε
731 2775 764 2854 ἐξ
795 2771 964 2860 Ἀθηνέων
995 2793 1097 2863 προσ-

86 2885 228 2958 πταίσας
250 2889 290 2966 τῇ
311 2885 479 2967 ναυμαχίη
502 2883 620 2966 φυγὼν
643 2881 786 2948 ἀπίκετο.

178 2987 293 3053 ΤΟΤΕ
318 2987 359 3070 δη
379 2986 416 3052 έν
434 2994 509 3070 τῇσι
527 2987 671 3070 Σάρδισι
689 2987 753 3052 έὼν
771 2988 836 3071 άρα
853 2988 920 3071 ἤρα
938 2995 996 3070 τῆς
1013 2991 1149 3053 Moe-108

88 3098 208 3161 σίστεω
231 3095 404 3177 γυναικός,
433 3092 552 3176 ἐούσης
574 3090 629 3157 καί
651 3093 771 3175 ταύτης
796 3092 952 3158 ἐνθαῦτα.
992 3091 1037 3168 ὡς
1060 3089 1101 3158 δέ

89 3200 125 3265 οί
154 3198 402 3284 προσπέμποντι
435 3197 496 3264 οὐκ
528 3198 669 3264 έδόνατο
700 3204 982 3282 κατεργασθῆναι,
1018 3192 1097 3264 οὐδὲ

88 3308 168 3390 βίην
193 3304 680 3392 προσέφερεπρομηθεόμενος
707 3305 767 3369 τὸν
795 3303 959 3388 άδελφεὸν
987 3305 1097 3370 Μασί-

89 3427 173 3493 στην
201 3409 321 3496 (τώυτὸ
345 3408 382 3476 δὲ
404 3419 503 3476 τοῦτο
526 3404 592 3494 εἶχε
615 3407 669 3474 καὶ
692 3411 754 3494 τὴν
780 3420 935 3493 γυναῖκα·
968 3403 1006 3474 εὖ
1033 3411 1097 3494 γάρ

1 3509 2 3586 δ
89 3517 243 3584 ἐπίστατο
279 3519 354 3598 βίης
389 3517 431 3582 οὐ
466 3515 674 3602 τευξομένη),
712 3515 859 3582 ἐνθαῦτα
896 3516 937 3601 δὴ
975 3513 1097 3600 Ξέρξης
