2678 3968
448 258 601 314 213.an
639 259 716 315 cAP.
735 265 857 315 ιιι-ιι.
1090 237 1163 324 273¹

151 396 288 484 Ἰσθμὸν
305 401 497 478 πλώσαντας
514 400 712 486 ναυμαχέειν
730 404 794 488 πρὸ
813 411 870 486 τῆς
883 405 1155 486 Πελοποννήσου,

154 503 362 588 ἐπιλέγοντες
382 507 442 572 τὸν
459 509 561 590 λόγον
578 509 686 590 τόνδε,
710 507 754 584 ώς
772 509 804 572 εί
819 506 1000 590 νικηθέωσι
1017 517 1057 593 τῇ
1074 532 1155 574 ναυ-

153 612 265 696 μαχίη,
284 611 320 676 ἐν
334 615 499 695 Σαλαμῖνι
518 609 579 696 μὲν
592 612 701 690 ἐόντες
713 614 989 694 πολιορκήσονται
1002 612 1039 678 ἐν
1051 615 1153 701 νήσω,

113 733 118 744 ·
154 715 211 779 ἵνα
238 731 298 800 σφι
325 720 465 802 τιμωρίη
493 717 631 802 οὐδεμία
659 717 907 801 ἐπιφανήσεται,
936 719 1018 802 πρὸς
1045 715 1082 783 δὲ
1108 742 1153 783 τιι

152 817 276 906 Ἰσθμῷ
307 820 341 896 ἐς
366 822 445 898 τοὺς
471 820 604 890 ἑωυτῶν
634 821 825 901 ἐξοίσονται.
869 829 972 888 ταῦτα
998 833 1065 888 τῶν
1091 823 1153 888 ἀπὸ
1173 840 1207 889 50

155 926 417 1008 Πελοποννήσου
431 938 622 1012 στρατηγῶν
641 927 881 1013 ἐπιλεγομένων
900 927 1057 1011 ἐληλύθεε
1071 927 1154 1014 ἀνήρ

151 1028 329 1114 Ἀθηναῖος
346 1029 515 1115 ἀγγέλλων
528 1034 619 1116 ήκειν
632 1035 691 1100 τὸν
705 1034 874 1118 βάρβαρον
888 1033 921 1110 ἐς
933 1034 994 1118 τήν
1009 1028 1154 1116 Ἀττικήν

152 1133 209 1200 καὶ
237 1145 346 1200 πᾶσαν
369 1135 472 1220 αὐτήν
493 1137 748 1223 πυρπολέεσθαι.
794 1139 811 1204 ὁ
834 1139 898 1222 γάρ
921 1140 977 1204 διὰ
998 1142 1154 1204 Βοιωτῶν

152 1242 357 1325 τραπόμενος
384 1243 521 1325 στρατὸς
547 1244 613 1328 άμα
639 1242 761 1329 Ξέρξη,
794 1243 959 1329 ἐμπρήσας
987 1240 1155 1308 Θεσπιέων

152 1348 215 1430 τήν
241 1348 340 1411 πόλιν
366 1345 475 1412 αὐτῶν
502 1347 738 1414 ἐκλελοιπότων
761 1347 795 1426 ἐς
817 1351 1077 1432 Πελοπόννησον
1098 1345 1154 1414 καί

152 1452 215 1534 τήν
238 1450 432 1518 Πλαταιέων
461 1453 631 1536 ὡσαύτως,
658 1449 718 1538 ήιιέ
736 1477 772 1520 τε
799 1455 832 1531 ἐς
858 1455 915 1531 τάς
934 1450 1078 1538 Ἀθήνας
1098 1451 1154 1518 καὶ

153 1557 261 1623 πάντα
293 1556 400 1623 ἐκεῖνα
427 1556 550 1640 ἐδηίου.
595 1559 753 1644 ἐνέπρησε
783 1556 819 1626 δὲ
846 1559 1008 1626 Θέσπειάν
1034 1581 1070 1624 τε
1099 1556 1154 1624 καί

155 1665 328 1729 Πλάταιαν
350 1667 540 1748 πυθόμενος
559 1667 715 1748 Θηβαίων
738 1666 788 1731 ὅτι
811 1666 873 1732 οὐκ
890 1665 1051 1750 ἐμήδιζον.
1088 1663 1151 1728 ἀπὸ
1170 1679 1204 1728 51

154 1766 193 1834 δὲ
214 1779 271 1854 τῆς
294 1769 464 1852 διαβάσιος
485 1779 546 1834 τοῦ
559 1767 813 1854 Ἑλλησπόντου,
832 1774 933 1836 ἐνθεν
950 1771 1153 1855 πορεύεσθαι

153 1873 295 1960 ήρξαντο
323 1874 358 1938 οί
377 1874 553 1960 βάρβαροι,
581 1872 640 1938 ἕνα
667 1873 770 1940 αὐτοῦ
798 1875 1026 1960 διατρίψαντες
1054 1883 1152 1958 μῆνα,

154 1979 264 2066 ἐντῷ
292 1978 462 2064 διέβαινον
489 1978 522 2055 ἐς
548 1979 609 2062 τήν
631 1979 812 2062 Εὐρώπην,
840 1978 877 2044 ἐν
903 1976 991 2062 τρισὶ
1014 1977 1152 2065 ἑτέροισι

154 2082 235 2168 μησί
249 2082 401 2168 ἐγένοντο
420 2084 456 2150 ἐν
473 2091 512 2168 τῇ
523 2080 660 2169 Ἀττική,
677 2083 867 2149 Καλλιάδεω
882 2084 1041 2168 ἀρχοντος
1056 2081 1152 2168 Ἀθη-

154 2192 287 2254 ναίοισι.
331 2187 386 2254 καλ
413 2188 562 2275 αἱρέουσι
584 2192 708 2275 ἔρημον
729 2189 767 2254 τὸ
790 2189 872 2254 ἀστυ
894 2191 952 2252 καί
970 2211 1062 2266 τινας
1085 2189 1152 2254 ὀλί-

154 2317 236 2377 γους
266 2295 457 2379 εὑρίσιιουσι
487 2304 554 2360 τῶν
580 2292 768 2378 Ἀθηναίων
796 2293 833 2359 ἐν
862 2301 908 2380 τῷ
938 2293 998 2382 ίρηλ
1026 2294 1151 2378 ἐόντας,

154 2402 270 2482 ταμίας
291 2423 326 2464 τε
346 2408 407 2466 τοῦ
428 2400 503 2486 ίροῦ
520 2397 575 2464 καὶ
592 2398 733 2482 πένητας
750 2398 959 2484 ἀνθρώπους,
978 2402 1014 2464 οδ
1028 2399 1152 2485 φραξά-

154 2527 250 2588 μενοι
273 2504 333 2587 τήν
355 2504 534 2588 ἀκρόπολιν
555 2505 685 2589 θύρησί
702 2527 737 2569 τε
759 2502 813 2569 καὶ
836 2504 963 2582 ξύλοισι
984 2505 1151 2588 ήμύνοντο

153 2611 233 2686 τοὺς
254 2609 416 2692 ἐπιόντας,
438 2609 504 2694 άμα
526 2605 586 2692 μὲν
608 2607 664 2674 ὑπ’
688 2609 863 2693 ἀσθενείης
880 2613 957 2694 βίον
976 2608 1036 2674 οὐκ
1054 2610 1152 2694 ἐκχω-

140 2717 313 2801 ρήσαντες
330 2715 364 2792 ἐς
376 2719 560 2800 Σαλαμῖνα,
578 2716 660 2798 πρὸς
677 2711 713 2780 δὲ
727 2712 821 2780 αὐτοὶ
839 2713 1010 2790 δοκέοντες
1023 2713 1152 2799 ἐξευρη-

153 2820 248 2886 κέναι
269 2822 306 2886 τὸ
326 2821 486 2904 μαντήιον
503 2820 540 2884 τὸ
558 2817 579 2902 ή
598 2822 714 2901 Πυθίη
733 2834 795 2902 σφι
812 2820 939 2902 ἔχρησε,
961 2818 999 2881 τὸ
1018 2815 1152 2894 ξύλινον

153 2937 261 3011 τεῖχος
280 2925 449 2992 ἀνάλωτον
468 2927 621 2990 ἔσεσθαι·
643 2923 724 2988 αὐτὸ
743 2924 784 3007 δή
802 2931 899 2990 τοῦτο
918 2917 1003 2986 εἶναι
1020 2923 1057 2986 τὸ
1075 2946 1152 3005 κρη-
1186 2953 1188 2957 ·

154 3033 321 3115 σφύγετον
347 3031 429 3098 κατὰ
455 3031 492 3095 τὸ
521 3031 680 3114 μαντήιον
706 3025 761 3092 καὶ
788 3027 829 3092 οὐ
851 3028 908 3103 τάς
929 3024 1013 3102 νέας.
1060 3028 1095 3091 οί
1115 3024 1152 3094 δὲ
1170 3044 1205 3092 52
1334 3003 1335 3036 w

156 3135 283 3221 Πέρσαι
315 3136 456 3219 ίζόμενοι
491 3133 544 3200 ἐπὶ
576 3135 635 3200 τὸν
666 3134 841 3197 καταντίον
871 3140 928 3215 της
959 3131 1153 3216 ἀκροπόλιος

153 3243 270 3326 ὄχθον,
289 3243 347 3306 τὸν
362 3239 534 3323 Ἀθηναῖοι
551 3236 705 3304 καλέουσι
720 3232 851 3322 Ἀρήιον
869 3237 986 3320 πάγον,
1005 3236 1153 3320 ἐπολιόρ-

116 3331 119 3335 ’
154 3369 232 3411 κεον
250 3349 374 3430 τρόπον
386 3345 532 3410 τοιόνδε·
555 3344 638 3420 ὅκως
652 3353 829 3408 στυππεῖον
843 3340 918 3428 περὶ
931 3343 1008 3420 τοὺς
1022 3342 1153 3420 ὀϊστοὺς

152 3451 345 3537 περιθέντες
366 3451 501 3532 ἅψειαν,
529 3447 680 3527 ἐτόξευον
702 3448 735 3526 ἐς
757 3449 794 3514 τὸ
818 3449 961 3535 φράγμα.
1005 3447 1152 3523 ἐνθαῦτα

208 3564 301 3603 finon.
313 3564 345 3603 11
907 3556 940 3605 18
