2678 3968
214 277 280 342 314
627 269 813 326 HERODO'I'I

164 439 215 488 ιεε
224 436 347 502 σφεων.
396 416 432 482 οί
457 411 518 500 μέν
550 415 591 498 δή
615 412 773 498 Ἓλληνες
799 416 916 480 ἔπλεον
942 412 977 489 ἐς
1001 413 1063 496 τήν
1089 417 1216 496 Δῆλον,

214 524 410 609 Μαρδόνιος
433 517 470 587 δέ
491 519 566 606 περὶ
585 522 647 604 τήν
665 523 852 602 Θεσσαλίην
869 519 1022 604 ἐχείμαζε.
1058 518 1217 584 ἐνθεῦτεν
1316 609 1317 614 ¹

215 626 252 694 όὲ
266 629 457 714 ὁρμώμενος
469 629 589 710 ἔπεμπε
602 626 737 690 κατὰτὰ
749 626 930 709 χρηστήρια
938 625 1046 709 ἄνδρα
1054 623 1217 708 Εὐρωπέα

214 733 321 820 γένος,
344 742 390 822 τῷ
414 733 541 816 οὕνομα
563 725 606 813 ήν
628 734 717 812 Μῦς,
740 728 967 814 ἐντειλάμενος
988 738 1136 814 πανταχῇ
1158 754 1217 814 μιν

215 843 422 926 χρησόμενον
440 836 563 918 ἐλθεῖν,
580 846 649 900 τῶν
667 827 720 900 οἷά
732 857 768 901 τε
785 831 828 918 ήν
842 852 903 918 σφι
921 835 1216 920 ἀποπειρήσασθαι.
1316 905 1317 916 η

216 947 235 1012 ὅ
257 969 287 1010 τι
318 941 379 1030 μὲν
405 944 607 1027 βουλόμενος
629 939 788 1024 ἐκμαθεῖν
809 941 892 1025 πρὸς
916 950 984 1004 τῶν
1009 943 1216 1025 χρηστηρίων

214 1061 317 1118 ταῦτα
336 1048 530 1130 ἐνετέλλετο,
549 1046 611 1113 οὐκ
629 1049 691 1131 ἔχω
710 1046 848 1130 φράσαι·
869 1045 911 1112 οὐ
928 1047 992 1131 γάρ
1011 1041 1058 1111 όιν
1076 1045 1217 1128 λέγεται·

216 1155 321 1222 δοκέω
349 1152 381 1221 θ’
407 1156 509 1238 ἔγωγε
536 1150 611 1235 περὶ
637 1163 705 1217 τῶν
726 1155 918 1235 παρεόντων
939 1152 1140 1237 πρηγμάτων
1161 1150 1218 1217 καὶ

165 1283 216 1333 ιιι
226 1263 287 1328 οὐκ
314 1263 424 1326 άλλων
451 1258 526 1345 πέρι
551 1257 686 1343 πέμψαι.
731 1253 829 1334 οὗτος
853 1257 871 1323 ὁ
894 1261 972 1334 Μῦς
999 1261 1033 1335 ἐς
1053 1281 1089 1323 τε
1110 1259 1218 1342 Λεβά-

217 1369 311 1434 δειαν
334 1368 488 1451 φαίνεται
510 1363 706 1448 ἀπικόμενος
726 1363 782 1428 καί
804 1365 915 1451 μισθῷ
933 1367 1049 1442 πείσας
1064 1375 1132 1430 τῶν
1149 1363 1219 1430 ἐπι-

216 1476 348 1559 χωρίων
364 1472 471 1556 ἄνδρα
483 1472 665 1553 καταβῆναι
678 1471 767 1554 παρὰ
784 1470 992 1554 Τροφώνιον,
1005 1468 1061 1535 καὶ
1074 1469 1220 1554 ἐςἍβας

215 1581 274 1656 τάς
292 1577 436 1644 Φωκέων
455 1576 652 1660 ἀπικόμενος
669 1575 722 1642 ἐπὶ
738 1577 776 1641 τὸ
794 1577 1007 1661 χρηστήριον·
1029 1574 1085 1642 καί
1103 1577 1144 1659 δή
1162 1575 1219 1641 καὶ

217 1685 251 1762 ἐς
273 1685 385 1768 Θήβας
410 1693 523 1768 πρῶτα
550 1681 595 1758 ὡς
621 1681 769 1763 ἀπίκετο,
795 1689 893 1746 τοῦτο
916 1677 978 1765 μέν
999 1690 1045 1770 τῷ
1065 1677 1217 1770 Ἰσμηνίῳ

214 1785 395 1857 Ἀπόλλωνι
428 1788 586 1873 ἐχρήσατο
619 1786 707 1871 (ἔστι
736 1783 773 1852 δέ
799 1786 882 1852 κατά
908 1807 969 1873 περ
997 1787 1034 1853 ἐν
1061 1782 1218 1874 Ὀλυμπίῃ

218 1897 320 1981 ίροίσι
343 1894 462 1960 αὐτόθι
485 1891 809 1979 χρηστηριάζεσθαι),
831 1901 929 1958 τοῦτο
953 1889 991 1960 δὲ
1013 1893 1123 1972 ξείνόν
1142 1917 1219 1960 τινα
1316 1919 1317 1927 ’

216 2000 272 2068 καὶ
300 2000 341 2066 οὐ
369 2003 517 2084 Θηβαίου
544 2001 686 2084 χρήμασι
711 2001 827 2074 πείσας
853 2002 1066 2084 κατεκοίμησε
1092 2000 1126 2077 ἐς
1143 1997 1219 2084 Ἀμ-

218 2107 353 2192 φιάρεω.
390 2107 546 2189 Θηβαίων
561 2100 598 2169 δὲ
617 2102 731 2170 οὐδενί
744 2104 847 2183 ἔξεστι
861 2105 1084 2188 μαντεύεσθαι
1098 2107 1218 2172 αὐτόθι

220 2213 274 2278 διά
291 2211 381 2276 τόύε·
401 2208 553 2276 ἐκέλευσέ
568 2225 671 2294 σφεας
689 2208 921 2294 ὁἏμφιάρεως
939 2211 994 2275 διά
1011 2216 1219 2297 χρηστηρίων

218 2316 413 2399 ποιεόμενος
436 2315 572 2401 ὁκότερα
594 2316 772 2398 βούλονται
794 2313 929 2382 ἑλέσθαι
946 2317 1084 2398 τούτων,
1107 2316 1218 2405 ἑωυτῷ

218 2420 239 2504 ἢ
262 2420 317 2484 άτε
340 2420 439 2504 μάντι
461 2427 605 2506 χρᾶσθαι
627 2420 648 2504 ή
671 2421 728 2486 ἅτε
750 2421 918 2509 συμμάχῳ,
940 2430 1001 2487 τοῦ
1023 2421 1138 2508 ἑτέρου
1160 2423 1218 2488 άπ-

219 2523 408 2611 εχομίυους·
442 2526 477 2592 οἱ
504 2522 541 2590 δέ
574 2526 747 2610 σύμμαχόν
775 2551 832 2612 μιν
867 2527 995 2593 εἵλοντο
1025 2523 1119 2593 εἶναι.
1164 2531 1220 2594 διὰ

218 2641 316 2698 τοῦτο
339 2626 400 2715 μὲν
423 2632 484 2698 οὐκ
507 2629 610 2709 ἔξεστι
629 2635 784 2714 Θηβαίων
808 2630 921 2698 οὐδενὶ
944 2633 1064 2700 αὐτόθι
1086 2634 1220 2718 ἐγκατα-

169 2759 218 2811 135
228 2744 439 2824 κοιμηθῆναι.
489 2738 565 2802 τόδε
598 2733 634 2802 ὐὲ
663 2738 761 2821 θῶμά
790 2761 846 2822 μοι
880 2737 1036 2822 μέγιστον
1061 2741 1221 2823 γενέσθαι

220 2845 347 2928 λέγεται
369 2843 434 2910 ὑπὸ
458 2846 623 2926 Θηβαίων,
648 2842 759 2908 ἐλθεῖν
782 2844 846 2929 άρα
868 2845 926 2910 τὸν
946 2844 1109 2931 Εὐρωπέα
1126 2851 1220 2930 Μῦν,

219 2950 541 3037 περιστρωφώμενον
572 2948 678 3014 πάντα
709 2949 749 3013 τά
780 2951 978 3036 χρηστήρια,
1009 2948 1064 3016 καὶ
1096 2952 1129 3029 ἐς
1159 2961 1222 3018 τοῦ

221 3055 343 3149 Πτῴου
362 3054 569 3131 ’Λπόλλωνος
590 3055 628 3120 τὸ
646 3051 787 3139 τέμενος.
828 3063 926 3120 τοῦτο
951 3053 988 3121 ὐέ
1009 3058 1046 3121 τὸ
1071 3057 1144 3142 ίρὸν
1164 3082 1222 3123 κα-

221 3157 327 3228 λέεται
345 3158 406 3246 μὲν
420 3165 550 3249 Πτῷον,
570 3162 639 3226 ἐστι
653 3157 690 3226 δὲ
704 3163 871 3244 Θηβαίων,
891 3160 998 3226 κέεται
1012 3159 1049 3227 δὲ
1062 3160 1145 3248 ὑπὲρ
1163 3174 1223 3248 τῆς

220 3268 398 3343 Κωπαίδος
424 3269 541 3351 λίμνης
567 3267 649 3351 πρὸς
672 3267 744 3352 όρελ·
764 3266 931 3351 ἀγχοτάτω
951 3261 1142 3352 Ἀκραιφίης
1162 3273 1222 3335 πό-

221 3375 299 3445 λιος.
332 3370 365 3446 ἐς
378 3379 475 3438 τοῦτο
489 3373 526 3437 τὸ
542 3372 616 3455 ἱρὸν
631 3371 734 3438 ἐπείτε
747 3377 927 3456 παρελθεῖν
944 3374 1003 3438 τὸν
1020 3377 1223 3459 καλεόμενον

220 3481 340 3539 τοῦτον
353 3477 445 3556 Μῦν,
465 3474 602 3540 ἕπεσθαι
621 3475 661 3541 ὐέ
673 3477 707 3540 οί
722 3487 789 3541 τῶν
809 3476 917 3542 ἀστῶν
935 3478 1085 3560 αἱρετοὺς
1098 3481 1225 3564 άνύρας
