2678 3968
416 216 483 272 ΜΒ.
498 214 570 270 v111.
603 215 678 272 cAP.
700 224 852 273 112-115.
1078 217 1144 283 305

144 358 234 424 είδεά
260 381 295 426 τε
326 359 450 444 ύπήρχε
483 358 645 442 διαλέγων
678 357 732 424 καὶ
759 362 790 426 εί
814 360 919 427 τέοισί
942 385 973 428 τι
1000 362 1144 446 χρηστὸν

145 460 286 548 συνῄδεε
312 463 546 549 πεποιημένον·
579 464 616 530 έν
644 462 681 530 δέ
706 470 861 530 πλεῖστον
888 468 987 543 έδνος
1011 465 1144 552 Πέρσας

145 568 287 653 αίρέετο,
319 571 442 654 ἄνδρας
471 573 738 654 στρεπτοφόρους
764 593 799 636 τε
829 569 884 636 καὶ
911 574 1144 657 ψελιοφόρους,

147 672 199 740 έπλ
223 671 260 740 δὲ
282 676 432 758 Μήδους.
478 669 571 740 οὗτοι
594 671 631 741 δὲ
653 681 782 758 πλῆθος
805 672 865 760 μὲν
888 675 948 740 οὐκ
971 663 1145 754 ἐλάσσονες

144 775 230 862 ἦσαν
247 791 314 846 τῶν
330 779 499 865 Περσέων,
518 780 611 866 ῥύμη
630 777 666 847 δὲ
684 782 837 864 ἥσσονες·
856 782 938 846 ὥστε
956 783 1145 866 σύμπαντας

134 888 321 970 ,τριήκοντα
355 888 518 970 μυριάδας
553 885 712 970 γενέσθαι
743 889 807 952 σὺν
840 887 980 952 ἱππεῦσι.
1030 887 1066 952 έν
1099 883 1198 960 δὲιιλ

144 991 250 1078 τούτω
277 999 322 1080 τῷ
350 995 475 1079 χρόνῳ,
504 991 541 1058 έν
567 999 612 1079 τῷ
635 994 830 1077 Μαρδόνιός
851 1015 885 1056 τε
907 993 968 1075 τήν
990 993 1146 1076 στρατιήν

146 1095 289 1179 διέκρινε
315 1095 370 1161 καὶ
397 1094 520 1179 Ξέρξης
546 1091 589 1179 ήυ
615 1094 690 1174 περὶ
717 1099 916 1180 Θεσσαλίην,
946 1099 1146 1181 χρηστήριον

146 1203 305 1286 ἐληλύθεε
329 1201 364 1267 έκ
386 1207 533 1286 Δελφῶν
551 1203 853 1287 Λακεδαιμονίοισι,
876 1201 1011 1288 Ξέρξην·
1026 1201 1146 1269 αἰτέειν

146 1310 239 1385 δίκας
252 1316 313 1373 τοῦ
326 1309 502 1374 Λεωνίδεω
522 1311 631 1391 φόνου
649 1305 703 1372 καὶ
721 1310 758 1373 τὸ
778 1309 956 1393 διδόμενον
970 1307 1003 1387 έξ
1017 1308 1146 1375 έκείνου

147 1413 311 1480 δέκεσθαι.
355 1412 520 1497 πέμπουσι
549 1414 589 1497 δὴ
617 1416 743 1499 κήρυκα
769 1414 830 1497 τήν
856 1417 1012 1499 ταχίστην
1034 1419 1146 1500 Σπαρ-

89 1531 91 1536 “
146 1527 264 1604 τιήται,
284 1519 320 1596 ὃς
337 1517 449 1602 ἐπειδή
468 1517 623 1601 κατέλαβε
642 1519 763 1584 έοῦσαν
781 1522 829 1584 έτι
846 1528 955 1584 πᾶσαν
972 1521 1033 1602 τήν
1051 1535 1145 1603 στρα-

135 1628 220 1710 τιήν
247 1625 284 1692 ἐν
306 1627 485 1710 Θεσσαλίη,
513 1624 624 1690 έλδίον
651 1625 684 1701 ές
711 1626 790 1702 ὄφιν
816 1626 877 1708 τήν
904 1623 1030 1710 Ξέρξεω
1057 1628 1146 1708 ἔλεγε

145 1733 236 1797 τάδε·
261 1721 300 1794 Ὦ
330 1733 467 1814 βασιλεῦ
494 1731 642 1812 Μήδων,
669 1731 931 1814 Λακεδαιμόνιοί
957 1729 996 1795 τέ
1024 1747 1061 1796 σε
1091 1729 1146 1798 καὶ

141 1835 353 1932 Ἡρακλεῖδαι
372 1837 408 1900 οί
423 1835 486 1901 ἀπὸ
502 1837 658 1919 Σπάρτης
676 1835 822 1901 αἰτέουσι
843 1838 952 1918 φόνου
971 1837 1079 1919 δίκας,
1098 1837 1148 1902 ότι

9 1927 11 1958 ’
138 1941 260 2028 Ισφέων
282 1943 341 2006 τὸν
364 1939 501 2024 βασιλέα
523 1939 711 2017 ἀπέκτεινας
734 1939 898 2025 ῥυόμενον
920 1941 981 2024 τήν
999 1938 1147 2006 Ἑλλάδα.

148 2049 166 2114 ὁ
191 2045 227 2113 δέ
249 2047 390 2130 γελάσας
411 2068 446 2111 τε
468 2044 523 2111 καὶ
545 2047 717 2130 κατασχὼν
739 2047 864 2112 πολλὸν
887 2048 1025 2132 χρόνον,
1049 2047 1093 2123 ὥς
1115 2047 1150 2112 οί

148 2153 305 2237 ἐτύγχανε
320 2153 505 2236 παρεστεὼς
518 2152 724 2236 Μαρδόνιος,
739 2152 871 2228 δεικνύς
885 2151 918 2228 ές
930 2161 1050 2217 τοῦτον
1064 2147 1147 2218 εἶπε·

152 2258 274 2342 Τοιγάρ
297 2273 358 2342 σφι
376 2259 572 2341 Μαρδόνιος
595 2257 651 2322 ὅδε
675 2257 767 2334 δίκας
788 2257 887 2322 δώσει
904 2258 1058 2335 τοιαύτας
1076 2259 1147 2336 οἵας

137 2363 302 2428 ,ἐκείνοισι
324 2367 447 2447 πρέπει.
483 2362 502 2428 ό
525 2359 585 2447 μὲν
605 2363 645 2446 δή
665 2361 840 2446 δεξάμενος
857 2365 894 2430 τδ
913 2361 1020 2448 ῥηθὲν
1037 2364 1138 2431 ἀπαλ-
1149 2387 1199 2437 115

148 2469 296 2552 λάσσετο,
315 2468 437 2552 Ξέρξης
456 2465 492 2534 δέ
507 2469 704 2554 Μαρδόνιον
723 2467 760 2534 έν
778 2472 942 2555 Θεσσαλίη
960 2473 1147 2538 καταλιπὼν

148 2575 247 2652 αὐτὸς
274 2575 446 2658 ἐπορεύετο
473 2576 555 2640 κατὰ
576 2575 673 2659 τάχος
695 2575 728 2652 ές
749 2576 808 2640 τὸν
827 2572 1070 2659 Ἑλλήσποντον
1092 2575 1146 2642 καὶ

147 2679 334 2746 ἀπικνέεται
359 2681 392 2758 ές
418 2682 477 2748 τὸν
504 2683 609 2766 πόρον
635 2690 693 2764 τής
722 2682 893 2764 διαβάσιος
915 2681 951 2747 έν
973 2680 1070 2748 πέντε
1092 2681 1147 2747 καὶ

147 2788 385 2869 τεσσεράκοντα
413 2787 552 2872 ἡμέρῃσι
559 2835 569 2870 ,
606 2787 742 2871 ἀπάγων
772 2795 830 2870 τής
861 2796 1015 2871 στρατιῆς
1046 2784 1146 2854 οὐδέν

146 2892 246 2976 μέρος
272 2893 317 2969 ὡς
344 2895 455 2959 εἰπεῖν.
500 2894 580 2958 ὅκου
608 2889 645 2958 δέ
671 2895 890 2978 πορευόμενοι
917 2895 1065 2975 γινοίατο
1092 2891 1147 2959 καλ

146 2995 217 3063 κατ’
243 2999 397 3075 οὕστινας
422 2998 637 3086 ἀνθρώπους,
664 2999 723 3062 τὸν
745 2998 873 3064 τούτων
895 2999 1022 3082 καρπὸν
1046 2997 1146 3082 ἁρπά-

137 3108 257 3183 Ιζουτες
280 3103 458 3170 ἐσιτέοντο·
484 3107 515 3170 εί
537 3101 573 3169 δέ
595 3105 722 3188 καρπὸν
745 3101 870 3187 μηδένα
893 3103 1032 3189 εύροιεν,
1056 3104 1091 3169 οί
1111 3101 1148 3172 δδ

146 3211 207 3292 τήν
230 3214 329 3294 ποίην
351 3211 412 3294 τήν
435 3210 470 3276 έκ
492 3219 549 3293 τῆς
570 3218 630 3292 γής
652 3208 890 3293 ἀναφυομένην
912 3207 967 3274 καὶ
988 3221 1055 3275 τῶν
1075 3211 1147 3276 δευ-

148 3315 254 3397 δρέων
281 3318 340 3382 τὸυ
367 3318 488 3401 φλοιὸν
514 3313 742 3401 περιλέποντες
768 3313 823 3380 καὶ
849 3317 889 3380 τά
916 3317 1026 3400 φύλλα
1051 3339 1147 3382 κατα-

148 3418 323 3505 δρέποντες
344 3425 542 3506 κατήσθιον,
566 3421 686 3505 δμοίως
707 3430 775 3487 τῶν
792 3443 828 3488 τε
850 3420 981 3506 ἡμέραν
1003 3420 1058 3488 καὶ
1080 3433 1147 3488 τῶν
1229 3447 1231 3452 ’

199 3533 223 3572 Η
224 3542 294 3574 nnnnn
308 3533 340 3575 11.
469 3525 473 3532 '
900 3531 934 3578 νο
