2678 3970
198 255 264 319 216
607 251 796 306 εειιοοοεε
1305 166 1321 334 λ

199 398 287 484 αὐτῷ
308 398 439 462 διδόναι
457 393 512 460 καί
530 404 594 480 γῆν
608 418 643 460 τε
661 393 715 460 καί
734 395 826 480 ὕδωρ
843 405 911 460 τῶν
929 396 1021 480 ἄρχει
1039 395 1057 461 δ
1076 396 1206 482 Γέλων,
1315 347 1321 478 λ

150 502 250 586 ιεεήν
269 497 306 566 δέ
324 503 359 566 οί
371 500 537 586 Ἕλληνες,
559 502 664 567 ὀπίσω
683 500 830 584 ἀπάγειν.
861 500 880 565 ὁ
900 497 937 566 δὲ
949 503 1085 586 Κάδμος
1104 498 1206 582 οὗτος

198 609 360 693 πρότερον
388 609 517 673 τούτων
540 606 806 694 παραδεξάμενος
827 609 915 692 παρὰ
937 609 1060 693 πατρὸς
1080 632 1205 694 τυραν-

198 715 277 778 νίδα
303 711 412 802 Κῴων
440 709 478 779 εὖ
505 717 700 798 βεβηκυῖαν,
728 710 812 778 έκάν
834 736 869 778 τε
896 707 982 778 εἰναι
1008 712 1064 780 καί
1087 717 1206 782 δεινοῦ
1321 743 1322 754 ’

198 819 348 897 ἐπιόντος
362 820 499 897 οὐδενὸς
513 819 594 885 ἀλλά
609 819 671 884 ἀπὸ
687 820 897 902 δικαιοσύνης
911 819 945 896 ἐς
957 819 1060 904 μέσον
1073 818 1205 908 Κῴοισι

197 924 354 1003 καταθεὶς
371 928 432 1010 τήν
450 926 556 1010 ἀρχήν
575 931 681 1010 οἴχετο
700 925 734 1002 ἐς
747 929 913 1008 Σικελίην,
933 929 1017 992 ἔνθα
1036 930 1116 1012 μετὰ
1133 933 1204 993 Σα-
1314 928 1323 990 ἶ

198 1035 284 1116 μίων
299 1035 371 1116 ἔσχε
385 1056 420 1097 τε
437 1029 492 1096 καὶ
509 1034 684 1113 κατοίκησε
702 1033 800 1096 πόλιν
815 1031 967 1115 Ζάγκλην
984 1033 1045 1116 τήν
1064 1032 1097 1109 ἐς
1109 1035 1205 1098 Μεσ-

198 1139 305 1221 σήνην
326 1140 575 1221 μεταβαλοῦσαν
597 1137 634 1200 τὸ
658 1136 794 1220 ούνομα.
838 1145 959 1202 τοῦτον
981 1137 1022 1219 δή
1046 1136 1064 1202 ὁ
1087 1137 1204 1204 Γέλων

197 1245 258 1308 τὸν
271 1243 410 1327 Κάδμον
426 1239 482 1305 καί
499 1242 638 1330 τοιούτω
657 1243 767 1328 τρόπῳ
786 1241 986 1325 ἀπικόμενον
1005 1243 1061 1307 διά
1077 1245 1203 1310 δικαιο

197 1349 321 1431 σύνην,
350 1350 412 1431 τήν
435 1348 470 1412 οί
494 1346 593 1422 αὐτὸς
616 1347 720 1429 ἀλλην
743 1344 884 1432 συνῄδεε
907 1346 1042 1430 ἐοῦσαν,
1067 1351 1203 1434 ἔπεμπε·

199 1455 237 1532 ὃς
255 1452 308 1520 ἐπὶ
325 1464 412 1532 τοῖσι
430 1454 559 1518 ἀλλοισι
578 1454 736 1518 δικαίοισι
753 1463 839 1518 τοῖσι
858 1451 891 1531 ἐξ
905 1451 1032 1520 ἑωυτοῦ
1046 1453 1204 1541 ἐργασμέ-

199 1577 288 1626 νοισι
301 1558 357 1625 καὶ
369 1562 443 1624 τότε
461 1559 523 1624 ούκ
541 1558 712 1643 ἐλάχιστον
729 1560 857 1624 τούτων
875 1559 1016 1625 ἐλίπετο·
1038 1564 1204 1645 κρατήσας

198 1668 263 1750 γάρ
294 1665 445 1750 μεγάλων
477 1663 653 1749 χρημάτων
684 1675 751 1730 τῶν
784 1664 819 1729 οί
847 1663 960 1730 Γέλων
994 1665 1202 1752 ἐπετράπετο,
1325 1721 1326 1730 2

198 1773 323 1857 παρεὸν
339 1769 562 1855 κατασχέσθαι
576 1770 638 1835 οὐκ
651 1769 804 1853 ἠθέλησε,
823 1766 893 1834 ἀλλ’
911 1768 981 1835 ἐπεί
999 1771 1034 1835 οί
1045 1769 1205 1857 Ἕλληνες

199 1876 423 1961 ἐπεκράτησαν
444 1885 484 1960 τῇ
506 1879 671 1960 ναυμαχίη
693 1873 749 1940 καί
766 1874 888 1960 Ξέρξης
911 1877 1043 1960 οἰχώκεε
1062 1877 1203 1944 ἀπελαύ-
1319 1935 1326 1948 .

76 1979 81 1990 ’
199 2007 280 2066 νων,
298 1981 353 2047 καὶ
372 1979 481 2066 δήκαὶ
495 1982 620 2058 ἐκεῖνος
632 1981 764 2046 ἀπίκετο
782 1981 815 2057 ἐς
828 1982 888 2064 τήν
902 1984 1060 2065 Σικελίην
1074 1984 1203 2049 ἅπαντα

149 2091 249 2156 165τά
274 2090 423 2173 χρήματα
450 2089 548 2170 ἀγων.
594 2085 721 2170 λέγεται
748 2083 785 2152 δὲ
812 2085 866 2151 καί
888 2087 966 2152 τάδε
988 2086 1052 2152 ὑπὸ
1075 2098 1143 2154 τῶν
1165 2088 1203 2155 ἐν
1326 2141 1327 2150 ,

200 2197 336 2277 Σικελίη
355 2192 550 2276 οἰκημένων,
569 2192 614 2268 ὡς
632 2193 720 2277 ὅμως
736 2190 792 2257 καί
810 2190 939 2276 μέλλων
957 2193 1120 2277 ἀρχεσθαι
1137 2195 1204 2261 ὑπὸ

183 2295 473 2380 ΙΛακεδαιμονίων
502 2297 658 2362 ὁΓέλων
685 2297 849 2381 ἐβοήθησε
877 2296 919 2362 ἀν
945 2309 1032 2362 τοῖσι
1055 2296 1203 2383 Ἕλλησι,

200 2404 233 2468 εἰ
257 2403 300 2486 μή
329 2401 393 2466 ὑπὸ
417 2404 575 2485 Θήρωνος
601 2411 662 2468 τοῦ
684 2404 915 2487 Αἰνησιδήμου
938 2399 1204 2489 Ἀκραγαντίνων

201 2507 391 2595 μουνάρχου
422 2505 608 2586 ἐξελασθεὶς
635 2506 669 2585 ἐξ
687 2504 815 2593 Ἱμέρης
840 2509 1000 2592 Τήριλλος
1022 2509 1040 2574 ὁ
1063 2513 1204 2594 Κρινίπ-

201 2638 277 2698 που,
295 2615 459 2700 τύραννος
477 2612 541 2678 ἐὼν
551 2609 688 2697 Ἱμέρης,
707 2613 805 2696 ἐπῆγε
818 2609 874 2678 ὑπ’
892 2614 994 2680 αὐτὸν
1007 2616 1066 2680 τὸν
1078 2618 1206 2701 χρόνον

200 2729 321 2788 τοῦτον
343 2722 510 2786 Φοινίκων
532 2717 588 2784 καί
608 2720 744 2804 Λιβύων
762 2717 817 2784 καί
836 2716 974 2805 Ἰβήρων
991 2719 1046 2786 καί
1065 2723 1205 2806 Λιγύων

201 2825 257 2893 καί
275 2825 455 2892 Ἐλισύκων
478 2823 533 2890 καί
551 2827 751 2911 Σαρδονίων
773 2823 828 2890 καί
846 2827 1005 2910 Κυρνίων
1026 2829 1205 2912 τριήκοντα

202 2934 364 3018 μυριάδας
381 2930 436 2997 καί
455 2933 640 3015 στρατηγὸν
657 2932 767 2996 αὐτῶν
777 2928 932 3015 Ἀμίλκαν
949 2933 1009 2998 τὸν
1022 2931 1206 3015 Ἀννωνος,
1323 2932 1327 2942 ’

201 3040 443 3123 Καρχηδονίων
479 3037 575 3103 ἐόντα
607 3035 760 3121 βασιλέα,
797 3038 877 3101 κατά
915 3035 1039 3121 ξεινίην
1070 3062 1105 3103 τε
1141 3040 1206 3122 τήν

202 3141 329 3208 ἑωυτοῦ
356 3142 373 3206 ὁ
400 3144 560 3226 Τήριλλος
591 3141 784 3225 ἀναγνώσας
812 3139 867 3206 καί
895 3142 1034 3226 μάλιστα
1061 3144 1116 3208 διδ
1142 3145 1206 3228 τήν

199 3245 373 3324 Ἀναξίλεω
400 3255 460 3313 τοῦ
482 3249 655 3332 Κρητίνεω
682 3250 890 3332 προθυμίην,
922 3247 959 3324 δς
980 3245 1112 3332 Ῥηγίου
1139 3246 1206 3314 ἐὼν

201 3352 376 3437 τύραννος,
399 3353 440 3416 τά
463 3350 588 3418 ἑωυτοῦ
610 3350 709 3418 τέκνα
733 3353 813 3428 δούς
834 3352 979 3438 ὁμήρους
998 3350 1132 3440 Ἀμίλκᾳ
1150 3353 1205 3418 ἐπ-

202 3467 262 3541 ήγε
281 3453 333 3522 ἐπί
347 3457 408 3540 τήν
422 3460 580 3540 Σικελίην
594 3456 763 3543 τιμωρέων
781 3465 826 3543 τῷ
845 3463 1012 3544 πενθερῷ·
1040 3461 1207 3542 Τηρίλλου
