2572 3980
198 262 241 325 32
609 259 796 316 HERODOTI

198 405 391 490 ἀπέπεμψαν
414 403 466 471 ἐπὶ
493 406 550 481 τάς
568 402 726 488 Ἀθήνας,
755 406 939 490 στρατηγὸν
966 412 1023 486 τῆς
1050 414 1206 488 στρατιῆς

198 510 415 590 ἀποδέξαντες
450 510 586 594 βασιλέα
618 509 806 594 Κλεομένεα
838 513 897 576 τὸν
929 505 1204 592 Ἀναξανδρίδεω,
1260 586 1278 600 Ι,

198 615 307 681 οὐκέτι
334 619 415 682 κατά
441 617 615 683 θάλασσαν
643 621 827 693 στείλαντες
849 617 931 682 ἀλλά
952 611 1025 681 κατ’
1051 618 1204 700 ἤπειρον·

197 732 283 786 τοῖσι
307 723 484 806 ἐσβαλοῦσι
507 723 540 799 ἐς
561 724 622 806 τὴν
642 720 789 805 Ἀττικὴν
811 722 966 808 χώρηνὴ
989 732 1056 786 τών
1080 727 1205 788 Θεσσα-

82 878 85 882 .
197 832 266 891 λών
289 827 387 905 ἵππος
408 829 520 911 πρώτη
543 827 717 911 προσέμιξε
737 826 789 892 καὶ
810 828 852 892 οὐ
870 829 950 912 μετὰ
968 829 1093 892 πολλὸν
1112 827 1206 911 ἐτρά-

197 953 289 1016 πετο,
321 936 380 998 καί
391 949 515 1016 Γσφεων
545 936 662 998 ἔπεσον
690 929 771 1016 ὑπὲρ
799 933 1037 1018 τεσσεράκοντα
1065 935 1205 1017 ἀνδρας·

199 1039 233 1103 οί
258 1036 295 1102 δὲ
321 1040 570 1122 περιγενόμενοι
592 1038 841 1104 ἀπαλλάσσοντο
865 1039 910 1115 ώς
932 1033 1023 1122 εἶχον
1047 1040 1127 1115 ίθὺς
1152 1039 1206 1104 ἐπὶ

198 1147 389 1226 Θεσσαλίης.
424 1143 614 1227 Κλεομένης
637 1142 674 1209 δὲ
697 1144 894 1228 ἀπικόμενος
916 1143 950 1220 ἐς
971 1145 1009 1208 τὸ
1032 1145 1116 1209 ἀστυ
1139 1146 1206 1228 ἅμα
1276 1136 1277 1191 3

196 1246 384 1331 Ἀθηναίων
410 1259 496 1313 τοῖσι
523 1249 757 1333 βουλομένοισι
784 1245 870 1314 εἶναι
897 1247 1106 1334 ἐλευθέροισι
1129 1251 1205 1316 ἐπο-
1276 1277 1278 1326 ÷

199 1357 327 1438 λιόρκεε
357 1357 436 1430 τοὺς
465 1355 651 1438 τυράννους
680 1352 906 1438 ἀπεργμένους
949 1353 987 1420 ἐν
1018 1361 1063 1443 τῷ
1095 1359 1203 1419 Πελα-
1275 1376 1277 1433 3

147 1477 181 1527 σε
198 1461 300 1550 σγικςό
314 1463 420 1546 τείχεϊ.
463 1459 517 1524 καί
550 1459 650 1524 οὐδέν
681 1482 713 1523 τι
739 1461 870 1536 πάντας
900 1459 942 1525 ἀν
969 1459 1095 1537 ἐξεῖλον
1127 1466 1206 1540 τοὺς

199 1567 474 1649 Πεισιστρατίδας
502 1567 537 1630 οί
557 1566 830 1646 Λακεδαιμόνιοι·
863 1565 939 1630 οὔτε
970 1567 1033 1650 γάρ
1061 1565 1206 1651 ἐπέδρην

199 1671 355 1736 ἐπενόεον
377 1672 592 1752 ποιήσασθαι,
616 1671 652 1734 οἳ
670 1693 704 1734 τε
724 1672 992 1753 Πεισιστρατίδαι
1011 1675 1132 1737 σίτοισι
1151 1672 1205 1737 καὶ

199 1785 329 1840 ποτοῖσι
348 1770 386 1840 εὖ
407 1777 686 1860 παρεσκευάδατο·
709 1775 986 1861 πολιορκήσαντές
1007 1799 1042 1840 τε
1065 1776 1107 1841 ἀν
1128 1778 1206 1862 ημέ-
1274 1760 1277 1769 ¹

200 1905 259 1966 ρας
290 1879 403 1962 ὀλίγας
434 1879 683 1946 ἀπαλλάσσοντο
716 1880 749 1956 ἐς
776 1881 836 1963 τὴν
864 1881 1031 1965 Σπάρτην.
1076 1892 1142 1948 νῦν
1169 1882 1206 1949 δέ
1275 1904 1279 1925 ¹

200 1989 358 2071 συντυχίη
385 1996 471 2052 τοῖσι
499 1983 560 2070 μέν
586 1987 668 2068 κακὴ
697 1985 881 2068 ἐπεγένετο,
909 1997 995 2051 τοῖσι
1018 1985 1056 2052 δέ
1077 1988 1099 2071 ἡ
1122 1990 1206 2074 αὐτη
1276 1966 1280 2049 '2

200 2093 281 2176 αὕτη
308 2093 493 2178 σύμμαχος·
521 2091 771 2174 ὑπεκτνθέμενοι
793 2093 856 2175 γὰρ
880 2090 940 2170 ἐξω
963 2101 1021 2176 τῆς
1042 2093 1152 2177 χώρης
1175 2095 1208 2160 οί
1280 2079 1281 2156 ζ

199 2200 314 2274 παῖδες
344 2209 410 2263 τών
442 2197 741 2282 Πεισιστρατιδέων
772 2197 914 2280 η’λωσαν.
959 2206 1058 2263 τοῦτο
1093 2197 1131 2264 δέ
1163 2203 1206 2278 ὡς

201 2302 344 2385 ἐγένετο,
381 2303 487 2367 πάντα
518 2305 629 2368 αὐτῶν
660 2305 700 2366 τά
731 2305 905 2385 πρήγματα
936 2305 1205 2390 συνετετάρακτο,

200 2405 408 2488 παρέστησαν
445 2406 482 2472 δὲ
514 2406 566 2472 ἐπὶ
597 2414 708 2494 μισθῷ
741 2419 827 2472 τοῖσι
858 2407 1017 2491 τέκνοισι,
1054 2408 1104 2474 ἐπ’
1140 2406 1207 2478 οἶσι

201 2511 379 2594 ἐβούλοντο
403 2513 438 2576 οί
455 2507 638 2595 Ἀθηναῖοι,
662 2514 745 2578 ώστε
769 2513 805 2579 ἐν
828 2513 924 2578 πέντε
946 2513 1086 2600 ἡμέρῃσι
1109 2517 1206 2601 ε’κχω-
1283 2555 1285 2564 1

202 2627 299 2702 ρῆσαι
322 2617 358 2682 ἐκ
375 2626 432 2700 τῆς
452 2613 603 2702 Ἀττικῆς.
640 2621 719 2702 μετὰ
738 2617 775 2685 δὲ
794 2619 999 2705 ἐξεχώρησαν
1017 2620 1051 2696 ἐς
1069 2625 1207 2705 Σίγειον

201 2726 238 2788 τὸ
271 2721 323 2789 ἐπὶ
349 2732 394 2811 τῷ
423 2724 647 2811 Σκαμάνδρῳ,
671 2725 826 2809 άρξαντες
853 2722 914 2809 μὲν
938 2724 1127 2808 Ἀθηναίων
1155 2723 1205 2793 ἐπ’

201 2832 274 2895 ἐτεα
292 2828 325 2908 ἐξ
343 2852 378 2894 τε
396 2828 451 2895 καὶ
469 2833 656 2913 τριήκοντα,
675 2830 784 2906 ἐόντες
803 2828 839 2895 δέ
857 2828 912 2894 καὶ
931 2825 1024 2896 οὗτοι
1042 2829 1207 2898 ἀνέκαθεν

202 2938 329 3001 Πύλιοί
348 2957 384 3000 τε
405 2933 461 2999 καὶ
480 2936 653 3018 Νηλεῖδαι,
677 2935 712 3001 ἐκ
735 2947 802 3000 τῶν
825 2935 934 3000 αὐτῶν
957 2939 1131 3020 γεγονότες
1152 2938 1206 3004 καὶ

202 3043 237 3106 οί
262 3039 346 3124 ἀμφὶ
368 3041 504 3124 Κόδρον
530 3064 565 3105 τε
592 3040 647 3105 καὶ
670 3041 871 3123 Μέλανθον,
896 3029 940 3105 ὀἳ
962 3045 1126 3126 πρότερον
1153 3045 1206 3110 έπ-

201 3148 321 3229 ηλυδες
344 3146 453 3223 ἐόντες
476 3146 629 3229 ἐγένοντο
649 3146 838 3230 Ἀθηναίων
860 3144 1017 3228 βασιλέες.
1058 3147 1111 3213 ἐπὶ
1132 3151 1206 3214 τού-

201 3274 262 3316 του
290 3248 326 3316 δὲ
353 3249 408 3316 καὶ
430 3252 534 3317 τώυτὸ
558 3252 685 3334 οὕνομα
708 3251 974 3335 ἀπεμνημόνευσε
992 3249 1206 3339 Ἱπποκράτης
1284 3239 1285 3290 ³

201 3366 247 3444 τῷ
271 3354 363 3420 παιδὶ
385 3356 509 3421 θέσθαι
531 3359 591 3421 τὸν
610 3359 860 3440 Πεισίστρατον,
883 3356 936 3423 ἐπὶ
957 3366 1018 3423 τοῦ
1036 3358 1207 3444 Νέστορος

202 3461 442 3546 Πεισιστράτου
475 3463 670 3544 ποιεύμενος
698 3463 760 3542 τὴν
787 3461 985 3547 ἐπωνυμίην.
1030 3463 1117 3531 οὕτω
1144 3464 1207 3548 μὲν
