<?xml version="1.0" encoding="UTF-8"?>
<!DOCTYPE html PUBLIC "-//W3C//DTD XHTML 1.0 Transitional//EN"
    "http://www.w3.org/TR/xhtml1/DTD/xhtml1-transitional.dtd">
<html xmlns="http://www.w3.org/1999/xhtml" xml:lang="en" lang="en">
 <head>
  <title>
</title>
<meta http-equiv="Content-Type" content="text/html;charset=utf-8" />
  <meta name='ocr-system' content='tesseract 3.04.00' />
  <meta name='ocr-capabilities' content='ocr_page ocr_carea ocr_par ocr_line ocrx_word'/>
</head>
<body>
  <div class='ocr_page' id='page_1' title='image "./herodotihistori07herogoog_0159.png"; bbox 0 0 2640 3960; ppageno 0'>
   <div class='ocr_carea' id='block_1_1' title="bbox 176 255 773 322">
    <p class='ocr_par' dir='ltr' id='par_1_1' title="bbox 176 255 773 322">
     <span class='ocr_line' id='line_1_1' title="bbox 176 255 773 322; baseline -0.02 0"><span class='ocrx_word' id='word_1_1' title='bbox 176 257 239 322; x_wconf 79' lang='grc'><strong><em>102</em></strong></span> <span class='ocrx_word' id='word_1_2' title='bbox 583 255 773 311; x_wconf 77' lang='lat' dir='ltr'>HERODOTI</span> 
     </span>
    </p>
   </div>
   <div class='ocr_carea' id='block_1_2' title="bbox 59 397 1317 3010">
    <p class='ocr_par' dir='ltr' id='par_1_2' title="bbox 59 397 1317 3010">
     <span class='ocr_line' id='line_1_2' title="bbox 174 397 1178 486; baseline 0.002 -21"><span class='ocrx_word' id='word_1_3' title='bbox 174 399 315 486; x_wconf 76' lang='grc' dir='ltr'><strong><em>γαστέρα</em></strong></span> <span class='ocrx_word' id='word_1_4' title='bbox 346 399 478 466; x_wconf 77' lang='grc' dir='ltr'><strong><em>ἀπίκετο</em></strong></span> <span class='ocrx_word' id='word_1_5' title='bbox 510 397 564 465; x_wconf 85' lang='grc' dir='ltr'><strong><em>καί</em></strong></span> <span class='ocrx_word' id='word_1_6' title='bbox 595 401 719 482; x_wconf 88' lang='grc' dir='ltr'><strong><em>ταύτην</em></strong></span> <span class='ocrx_word' id='word_1_7' title='bbox 747 400 998 485; x_wconf 78' lang='grc' dir='ltr'><strong><em>καταχορδεύων</em></strong></span> <span class='ocrx_word' id='word_1_8' title='bbox 1030 400 1178 467; x_wconf 86' lang='grc' dir='ltr'><strong><em>ἀπέθανε</em></strong></span> 
     </span>
     <span class='ocr_line' id='line_1_3' title="bbox 173 501 1179 592; baseline 0.001 -21"><span class='ocrx_word' id='word_1_9' title='bbox 173 509 283 592; x_wconf 76' lang='grc' dir='ltr'><strong><em>τρόπῳ</em></strong></span> <span class='ocrx_word' id='word_1_10' title='bbox 312 507 468 592; x_wconf 81' lang='grc' dir='ltr'><strong><em>τοιούτῳ,</em></strong></span> <span class='ocrx_word' id='word_1_11' title='bbox 499 506 544 582; x_wconf 83' lang='grc' dir='ltr'><strong><em>ὠς</em></strong></span> <span class='ocrx_word' id='word_1_12' title='bbox 566 501 626 590; x_wconf 65' lang='grc' dir='ltr'><strong><em>μὲν</em></strong></span> <span class='ocrx_word' id='word_1_13' title='bbox 649 506 685 570; x_wconf 84' lang='grc' dir='ltr'><strong><em>οί</em></strong></span> <span class='ocrx_word' id='word_1_14' title='bbox 704 504 821 570; x_wconf 81' lang='grc' dir='ltr'><strong><em>πολλοὶ</em></strong></span> <span class='ocrx_word' id='word_1_15' title='bbox 844 505 979 589; x_wconf 89' lang='grc' dir='ltr'><strong><em>λέγουσι</em></strong></span> <span class='ocrx_word' id='word_1_16' title='bbox 997 503 1179 591; x_wconf 85' lang='grc' dir='ltr'><strong><em>Ἑλλήνων,</em></strong></span> 
     </span>
     <span class='ocr_line' id='line_1_4' title="bbox 174 610 1180 697; baseline 0.002 -21"><span class='ocrx_word' id='word_1_17' title='bbox 174 613 225 677; x_wconf 86' lang='grc' dir='ltr'><strong><em>ὅτι</em></strong></span> <span class='ocrx_word' id='word_1_18' title='bbox 247 613 308 696; x_wconf 85' lang='grc' dir='ltr'><strong><em>τήν</em></strong></span> <span class='ocrx_word' id='word_1_19' title='bbox 331 615 469 695; x_wconf 79' lang='grc' dir='ltr'><em>Πυθίην</em></span> <span class='ocrx_word' id='word_1_20' title='bbox 492 611 659 694; x_wconf 79' lang='grc' dir='ltr'><em>ἀνέγνωσε</em></span> <span class='ocrx_word' id='word_1_21' title='bbox 685 613 726 674; x_wconf 83' lang='grc' dir='ltr'><strong><em>τὰ</em></strong></span> <span class='ocrx_word' id='word_1_22' title='bbox 747 610 822 696; x_wconf 77' lang='grc' dir='ltr'><strong><em>περὶ</em></strong></span> <span class='ocrx_word' id='word_1_23' title='bbox 845 614 1048 697; x_wconf 80' lang='grc' dir='ltr'><strong><em>Δημάρητον</em></strong></span> <span class='ocrx_word' id='word_1_24' title='bbox 1072 615 1180 696; x_wconf 90' lang='grc' dir='ltr'><strong><em>[γενό-</em></strong></span> 
     </span>
     <span class='ocr_line' id='line_1_5' title="bbox 173 713 1181 802; baseline 0.003 -20"><span class='ocrx_word' id='word_1_25' title='bbox 173 719 270 800; x_wconf 89' lang='grc' dir='ltr'><strong><em>μενα]</em></strong></span> <span class='ocrx_word' id='word_1_26' title='bbox 293 717 413 802; x_wconf 91' lang='grc' dir='ltr'><strong><em>λέγειν,</em></strong></span> <span class='ocrx_word' id='word_1_27' title='bbox 435 720 480 795; x_wconf 80' lang='grc' dir='ltr'><strong><em>ὡς</em></strong></span> <span class='ocrx_word' id='word_1_28' title='bbox 503 714 539 783; x_wconf 79' lang='grc' dir='ltr'><strong><em>δέ</em></strong></span> <span class='ocrx_word' id='word_1_29' title='bbox 559 714 731 799; x_wconf 84' lang='grc' dir='ltr'><strong><em>Ἀθηναῖοι</em></strong></span> <span class='ocrx_word' id='word_1_30' title='bbox 751 715 896 800; x_wconf 89' lang='grc' dir='ltr'><strong><em>λέγουσι,</em></strong></span> <span class='ocrx_word' id='word_1_31' title='bbox 921 719 1005 784; x_wconf 91' lang='grc' dir='ltr'><strong><em>διότι</em></strong></span> <span class='ocrx_word' id='word_1_32' title='bbox 1024 718 1057 795; x_wconf 85' lang='grc' dir='ltr'><strong><em>ἐς</em></strong></span> <span class='ocrx_word' id='word_1_33' title='bbox 1072 713 1181 785; x_wconf 90' lang='grc' dir='ltr'><strong><em>Ἐλευ-</em></strong></span> 
     </span>
     <span class='ocr_line' id='line_1_6' title="bbox 174 821 1181 907; baseline 0.004 -21"><span class='ocrx_word' id='word_1_34' title='bbox 174 833 250 887; x_wconf 82' lang='grc' dir='ltr'><strong><em>σῖνα</em></strong></span> <span class='ocrx_word' id='word_1_35' title='bbox 282 821 431 906; x_wconf 78' lang='grc' dir='ltr'><strong><em>ἐσβαλὼν</em></strong></span> <span class='ocrx_word' id='word_1_36' title='bbox 463 826 566 907; x_wconf 75' lang='grc' dir='ltr'><strong><em>ἔκειρε</em></strong></span> <span class='ocrx_word' id='word_1_37' title='bbox 597 823 634 886; x_wconf 90' lang='grc' dir='ltr'><strong><em>τὸ</em></strong></span> <span class='ocrx_word' id='word_1_38' title='bbox 665 821 799 905; x_wconf 89' lang='grc' dir='ltr'><strong><em>τέμενος</em></strong></span> <span class='ocrx_word' id='word_1_39' title='bbox 829 834 896 888; x_wconf 83' lang='grc' dir='ltr'><strong><em>τῶν</em></strong></span> <span class='ocrx_word' id='word_1_40' title='bbox 927 829 1033 906; x_wconf 80' lang='grc' dir='ltr'><strong><em>θεῶν,</em></strong></span> <span class='ocrx_word' id='word_1_41' title='bbox 1066 825 1111 901; x_wconf 81' lang='grc' dir='ltr'><strong><em>ὡς</em></strong></span> <span class='ocrx_word' id='word_1_42' title='bbox 1143 821 1181 890; x_wconf 73' lang='grc' dir='ltr'><strong><em>δὲ</em></strong></span> 
     </span>
     <span class='ocr_line' id='line_1_7' title="bbox 170 923 1182 1015; baseline 0.003 -23"><span class='ocrx_word' id='word_1_43' title='bbox 170 925 321 1013; x_wconf 77' lang='grc' dir='ltr'><strong><em>Ἀργεῖοι,</em></strong></span> <span class='ocrx_word' id='word_1_44' title='bbox 345 929 396 993; x_wconf 85' lang='grc' dir='ltr'><strong><em>ὅτι</em></strong></span> <span class='ocrx_word' id='word_1_45' title='bbox 418 927 452 1006; x_wconf 78' lang='grc' dir='ltr'><strong><em>ἐξ</em></strong></span> <span class='ocrx_word' id='word_1_46' title='bbox 475 929 551 1012; x_wconf 91' lang='grc' dir='ltr'><strong><em>ίροῦ</em></strong></span> <span class='ocrx_word' id='word_1_47' title='bbox 573 927 682 992; x_wconf 81' lang='grc' dir='ltr'><strong><em>αὐτῶν</em></strong></span> <span class='ocrx_word' id='word_1_48' title='bbox 704 937 765 992; x_wconf 92' lang='grc' dir='ltr'><strong><em>τοῦ</em></strong></span> <span class='ocrx_word' id='word_1_49' title='bbox 779 926 903 1013; x_wconf 82' lang='grc' dir='ltr'><strong><em>’Ἁργον</em></strong></span> <span class='ocrx_word' id='word_1_50' title='bbox 923 923 1080 1015; x_wconf 77' lang='grc' dir='ltr'><strong><em>Ἀργείων</em></strong></span> <span class='ocrx_word' id='word_1_51' title='bbox 1102 933 1182 1008; x_wconf 86' lang='grc' dir='ltr'><strong><em>τοὺς</em></strong></span> 
     </span>
     <span class='ocr_line' id='line_1_8' title="bbox 173 1031 1182 1118; baseline 0.002 -20"><span class='ocrx_word' id='word_1_52' title='bbox 173 1035 424 1118; x_wconf 80' lang='grc' dir='ltr'><strong><em>καταφυγόντας</em></strong></span> <span class='ocrx_word' id='word_1_53' title='bbox 447 1031 483 1096; x_wconf 87' lang='grc' dir='ltr'><strong><em>ἐκ</em></strong></span> <span class='ocrx_word' id='word_1_54' title='bbox 504 1041 561 1114; x_wconf 81' lang='grc' dir='ltr'><strong><em>τῆς</em></strong></span> <span class='ocrx_word' id='word_1_55' title='bbox 583 1031 687 1115; x_wconf 89' lang='grc' dir='ltr'><strong><em>μάχης</em></strong></span> <span class='ocrx_word' id='word_1_56' title='bbox 708 1031 912 1114; x_wconf 82' lang='grc' dir='ltr'><strong><em>καταγινέων</em></strong></span> <span class='ocrx_word' id='word_1_57' title='bbox 929 1033 1108 1100; x_wconf 79' lang='grc' dir='ltr'><strong><em>κατέκοπτε</em></strong></span> <span class='ocrx_word' id='word_1_58' title='bbox 1126 1033 1182 1100; x_wconf 84' lang='grc' dir='ltr'><strong><em>καὶ</em></strong></span> 
     </span>
     <span class='ocr_line' id='line_1_9' title="bbox 122 1136 1185 1225; baseline 0.002 -21"><span class='ocrx_word' id='word_1_59' title='bbox 122 1166 156 1215; x_wconf 74' lang='lat'><strong><em>76</em></strong></span> <span class='ocrx_word' id='word_1_60' title='bbox 173 1139 255 1204; x_wconf 89' lang='grc' dir='ltr'><strong><em>αὐτὸ</em></strong></span> <span class='ocrx_word' id='word_1_61' title='bbox 282 1141 319 1205; x_wconf 89' lang='grc' dir='ltr'><strong><em>τὸ</em></strong></span> <span class='ocrx_word' id='word_1_62' title='bbox 347 1140 447 1214; x_wconf 88' lang='grc' dir='ltr'><strong><em>άλσος</em></strong></span> <span class='ocrx_word' id='word_1_63' title='bbox 473 1136 511 1202; x_wconf 91' lang='grc' dir='ltr'><strong><em>ἐν</em></strong></span> <span class='ocrx_word' id='word_1_64' title='bbox 538 1137 653 1221; x_wconf 88' lang='grc' dir='ltr'><strong><em>ἀλογίη</em></strong></span> <span class='ocrx_word' id='word_1_65' title='bbox 678 1140 762 1220; x_wconf 81' lang='grc' dir='ltr'><strong><em>ἔχων</em></strong></span> <span class='ocrx_word' id='word_1_66' title='bbox 786 1137 953 1224; x_wconf 76' lang='grc' dir='ltr'><strong><em>ἐνέπρησε.</em></strong></span> <span class='ocrx_word' id='word_1_67' title='bbox 999 1141 1185 1225; x_wconf 81' lang='grc' dir='ltr'><strong><em>Κλεομένει·</em></strong></span> 
     </span>
     <span class='ocr_line' id='line_1_10' title="bbox 173 1240 1182 1331; baseline 0.001 -21"><span class='ocrx_word' id='word_1_68' title='bbox 173 1246 237 1330; x_wconf 85' lang='grc' dir='ltr'><strong><em>γὰρ</em></strong></span> <span class='ocrx_word' id='word_1_69' title='bbox 264 1240 495 1329; x_wconf 78' lang='grc' dir='ltr'><strong><em>μαντευομένῳ</em></strong></span> <span class='ocrx_word' id='word_1_70' title='bbox 519 1241 556 1306; x_wconf 91' lang='grc' dir='ltr'><strong><em>ἐν</em></strong></span> <span class='ocrx_word' id='word_1_71' title='bbox 579 1247 743 1325; x_wconf 78' lang='grc' dir='ltr'><strong><em>Δελφοῖσι</em></strong></span> <span class='ocrx_word' id='word_1_72' title='bbox 771 1241 918 1327; x_wconf 77' lang='grc' dir='ltr'><strong><em>ἐχρήσθη</em></strong></span> <span class='ocrx_word' id='word_1_73' title='bbox 941 1243 1063 1330; x_wconf 81' lang='grc' dir='ltr'><strong><em>’Ἀργος</em></strong></span> <span class='ocrx_word' id='word_1_74' title='bbox 1086 1247 1182 1331; x_wconf 88' lang='grc' dir='ltr'><strong><em>αίρή-</em></strong></span> 
     </span>
     <span class='ocr_line' id='line_1_11' title="bbox 175 1343 1183 1436; baseline 0.003 -21"><span class='ocrx_word' id='word_1_75' title='bbox 175 1368 255 1416; x_wconf 90' lang='grc' dir='ltr'><strong><em>σειν.</em></strong></span> <span class='ocrx_word' id='word_1_76' title='bbox 291 1343 395 1415; x_wconf 79' lang='grc' dir='ltr'><strong><em>ἐπείτε</em></strong></span> <span class='ocrx_word' id='word_1_77' title='bbox 414 1345 451 1413; x_wconf 76' lang='grc' dir='ltr'><strong><em>δὲ</em></strong></span> <span class='ocrx_word' id='word_1_78' title='bbox 469 1349 679 1432; x_wconf 80' lang='grc' dir='ltr'><strong><em>Σπαρτιήτας</em></strong></span> <span class='ocrx_word' id='word_1_79' title='bbox 696 1348 788 1429; x_wconf 86' lang='grc' dir='ltr'><strong><em>άγων</em></strong></span> <span class='ocrx_word' id='word_1_80' title='bbox 807 1347 940 1414; x_wconf 83' lang='grc' dir='ltr'><strong><em>ἀπίκετο</em></strong></span> <span class='ocrx_word' id='word_1_81' title='bbox 959 1348 1012 1416; x_wconf 80' lang='grc' dir='ltr'><strong><em>ἐπὶ</em></strong></span> <span class='ocrx_word' id='word_1_82' title='bbox 1031 1354 1183 1436; x_wconf 90' lang='grc' dir='ltr'><strong><em>ποταμὸν</em></strong></span> 
     </span>
     <span class='ocr_line' id='line_1_12' title="bbox 171 1451 1183 1541; baseline 0.002 -20"><span class='ocrx_word' id='word_1_83' title='bbox 171 1452 357 1541; x_wconf 79' lang='grc' dir='ltr'><strong><em>Ἐρασῖνον,</em></strong></span> <span class='ocrx_word' id='word_1_84' title='bbox 376 1453 413 1530; x_wconf 87' lang='grc' dir='ltr'><strong><em>ὃς</em></strong></span> <span class='ocrx_word' id='word_1_85' title='bbox 430 1451 557 1535; x_wconf 89' lang='grc' dir='ltr'><strong><em>λέγεται</em></strong></span> <span class='ocrx_word' id='word_1_86' title='bbox 575 1451 663 1536; x_wconf 79' lang='grc' dir='ltr'><strong><em>ῥέειν</em></strong></span> <span class='ocrx_word' id='word_1_87' title='bbox 682 1451 718 1516; x_wconf 89' lang='grc' dir='ltr'><strong><em>ἐκ</em></strong></span> <span class='ocrx_word' id='word_1_88' title='bbox 734 1461 792 1535; x_wconf 78' lang='grc' dir='ltr'><strong><em>τῆς</em></strong></span> <span class='ocrx_word' id='word_1_89' title='bbox 805 1458 1044 1539; x_wconf 76' lang='grc' dir='ltr'><strong><em>Στυμφηλίδος</em></strong></span> <span class='ocrx_word' id='word_1_90' title='bbox 1062 1460 1183 1541; x_wconf 82' lang='grc' dir='ltr'><strong><em>λίμνης</em></strong></span> 
     </span>
     <span class='ocr_line' id='line_1_13' title="bbox 175 1556 1184 1648; baseline 0.001 -22"><span class='ocrx_word' id='word_1_91' title='bbox 175 1562 251 1648; x_wconf 89' lang='grc' dir='ltr'><strong><em>(τήν</em></strong></span> <span class='ocrx_word' id='word_1_92' title='bbox 269 1563 332 1646; x_wconf 87' lang='grc' dir='ltr'><strong><em>γάρ</em></strong></span> <span class='ocrx_word' id='word_1_93' title='bbox 349 1560 389 1642; x_wconf 86' lang='grc' dir='ltr'><strong><em>δή</em></strong></span> <span class='ocrx_word' id='word_1_94' title='bbox 404 1562 524 1642; x_wconf 84' lang='grc' dir='ltr'><strong><em>λίμνην</em></strong></span> <span class='ocrx_word' id='word_1_95' title='bbox 537 1557 661 1640; x_wconf 87' lang='grc' dir='ltr'><strong><em>ταύτην</em></strong></span> <span class='ocrx_word' id='word_1_96' title='bbox 675 1557 708 1632; x_wconf 87' lang='grc' dir='ltr'><strong><em>ἐς</em></strong></span> <span class='ocrx_word' id='word_1_97' title='bbox 721 1557 827 1640; x_wconf 88' lang='grc' dir='ltr'><strong><em>χάσμα</em></strong></span> <span class='ocrx_word' id='word_1_98' title='bbox 842 1556 967 1643; x_wconf 74' lang='grc' dir='ltr'><strong><em>ἀφανὲς</em></strong></span> <span class='ocrx_word' id='word_1_99' title='bbox 981 1560 1184 1628; x_wconf 76' lang='grc' dir='ltr'><strong><em>ἐκδιδοῦσαν</em></strong></span> 
     </span>
     <span class='ocr_line' id='line_1_14' title="bbox 175 1661 1183 1752; baseline 0 -20"><span class='ocrx_word' id='word_1_100' title='bbox 175 1667 422 1750; x_wconf 75' lang='grc' dir='ltr'><strong><em>ἀναφαίνεσθαι</em></strong></span> <span class='ocrx_word' id='word_1_101' title='bbox 445 1663 482 1728; x_wconf 83' lang='grc' dir='ltr'><strong><em>ἐν</em></strong></span> <span class='ocrx_word' id='word_1_102' title='bbox 495 1661 619 1748; x_wconf 75' lang='grc' dir='ltr'><strong><em>Ἄργεϊ,</em></strong></span> <span class='ocrx_word' id='word_1_103' title='bbox 641 1663 679 1727; x_wconf 88' lang='grc' dir='ltr'><strong><em>τὸ</em></strong></span> <span class='ocrx_word' id='word_1_104' title='bbox 703 1662 861 1727; x_wconf 88' lang='grc' dir='ltr'><strong><em>ἐνθεῦτεν</em></strong></span> <span class='ocrx_word' id='word_1_105' title='bbox 884 1661 921 1729; x_wconf 74' lang='grc' dir='ltr'><strong><em>δὲ</em></strong></span> <span class='ocrx_word' id='word_1_106' title='bbox 939 1666 977 1730; x_wconf 91' lang='grc' dir='ltr'><strong><em>τὸ</em></strong></span> <span class='ocrx_word' id='word_1_107' title='bbox 1000 1666 1094 1750; x_wconf 79' lang='grc' dir='ltr'><strong><em>ὕδωρ</em></strong></span> <span class='ocrx_word' id='word_1_108' title='bbox 1117 1669 1183 1752; x_wconf 87' lang='grc' dir='ltr'><strong><em>ήδη</em></strong></span> 
     </span>
     <span class='ocr_line' id='line_1_15' title="bbox 175 1762 1184 1857; baseline 0 -18"><span class='ocrx_word' id='word_1_109' title='bbox 175 1781 273 1839; x_wconf 92' lang='grc' dir='ltr'><strong><em>τοῦτο</em></strong></span> <span class='ocrx_word' id='word_1_110' title='bbox 295 1767 351 1835; x_wconf 83' lang='grc' dir='ltr'><strong><em>ὑπ’</em></strong></span> <span class='ocrx_word' id='word_1_111' title='bbox 374 1762 529 1854; x_wconf 88' lang='grc' dir='ltr'><strong><em>Ἀργείων</em></strong></span> <span class='ocrx_word' id='word_1_112' title='bbox 549 1764 723 1852; x_wconf 80' lang='grc' dir='ltr'><strong><em>Ἐρασῖνον</em></strong></span> <span class='ocrx_word' id='word_1_113' title='bbox 745 1766 953 1855; x_wconf 87' lang='grc' dir='ltr'><strong><em>καλέεσθαι),</em></strong></span> <span class='ocrx_word' id='word_1_114' title='bbox 984 1770 1184 1857; x_wconf 87' lang='grc' dir='ltr'><strong><em>ἀπικόμενος</em></strong></span> 
     </span>
     <span class='ocr_line' id='line_1_16' title="bbox 177 1870 1183 1961; baseline 0 -17"><span class='ocrx_word' id='word_1_115' title='bbox 177 1875 225 1944; x_wconf 81' lang='grc' dir='ltr'><strong><em>ὧν</em></strong></span> <span class='ocrx_word' id='word_1_116' title='bbox 248 1877 266 1943; x_wconf 91' lang='grc' dir='ltr'><strong><em>δ</em></strong></span> <span class='ocrx_word' id='word_1_117' title='bbox 293 1872 476 1957; x_wconf 79' lang='grc' dir='ltr'><strong><em>Κλεομένης</em></strong></span> <span class='ocrx_word' id='word_1_118' title='bbox 499 1870 551 1938; x_wconf 79' lang='grc' dir='ltr'><strong><em>ἐπὶ</em></strong></span> <span class='ocrx_word' id='word_1_119' title='bbox 573 1874 632 1938; x_wconf 90' lang='grc' dir='ltr'><strong><em>τὸν</em></strong></span> <span class='ocrx_word' id='word_1_120' title='bbox 654 1875 802 1956; x_wconf 89' lang='grc' dir='ltr'><strong><em>ποταμὸν</em></strong></span> <span class='ocrx_word' id='word_1_121' title='bbox 824 1883 945 1940; x_wconf 87' lang='grc' dir='ltr'><strong><em>τοῦτον</em></strong></span> <span class='ocrx_word' id='word_1_122' title='bbox 968 1875 1183 1961; x_wconf 81' lang='grc' dir='ltr'><strong><em>ἐσφαγιάζετο</em></strong></span> 
     </span>
     <span class='ocr_line' id='line_1_17' title="bbox 177 1977 1231 2071; baseline 0 -21"><span class='ocrx_word' id='word_1_123' title='bbox 177 1985 275 2071; x_wconf 77' lang='grc' dir='ltr'><strong><em>αὐτῷ.</em></strong></span> <span class='ocrx_word' id='word_1_124' title='bbox 314 1979 369 2046; x_wconf 84' lang='grc' dir='ltr'><strong><em>καὶ</em></strong></span> <span class='ocrx_word' id='word_1_125' title='bbox 392 1980 433 2045; x_wconf 91' lang='grc' dir='ltr'><strong><em>οῦ</em></strong></span> <span class='ocrx_word' id='word_1_126' title='bbox 451 1980 514 2063; x_wconf 90' lang='grc' dir='ltr'><strong><em>γάρ</em></strong></span> <span class='ocrx_word' id='word_1_127' title='bbox 533 1977 715 2063; x_wconf 82' lang='grc' dir='ltr'><strong><em>ἐκαλλιέρεε</em></strong></span> <span class='ocrx_word' id='word_1_128' title='bbox 733 1978 887 2062; x_wconf 81' lang='grc' dir='ltr'><strong><em>οὐδαμῶς</em></strong></span> <span class='ocrx_word' id='word_1_129' title='bbox 905 1981 1092 2064; x_wconf 81' lang='grc' dir='ltr'><strong><em>διαβαίνειν</em></strong></span> <span class='ocrx_word' id='word_1_130' title='bbox 1115 2011 1184 2069; x_wconf 92' lang='grc' dir='ltr'><strong><em>μιν,</em></strong></span> <span class='ocrx_word' id='word_1_131' title='bbox 1229 1977 1231 1982; x_wconf 49' lang='grc'><strong>’</strong></span> 
     </span>
     <span class='ocr_line' id='line_1_18' title="bbox 177 2081 1186 2172; baseline 0.002 -18"><span class='ocrx_word' id='word_1_132' title='bbox 177 2091 323 2172; x_wconf 83' lang='grc' dir='ltr'><strong><em>ἀγασθαι</em></strong></span> <span class='ocrx_word' id='word_1_133' title='bbox 350 2083 411 2170; x_wconf 76' lang='grc' dir='ltr'><strong><em>μὲν</em></strong></span> <span class='ocrx_word' id='word_1_134' title='bbox 433 2089 497 2170; x_wconf 84' lang='grc' dir='ltr'><strong><em>ἔφη</em></strong></span> <span class='ocrx_word' id='word_1_135' title='bbox 519 2093 580 2149; x_wconf 93' lang='grc' dir='ltr'><strong><em>τοῦ</em></strong></span> <span class='ocrx_word' id='word_1_136' title='bbox 599 2081 775 2169; x_wconf 84' lang='grc' dir='ltr'><strong><em>Ἐρασίνου</em></strong></span> <span class='ocrx_word' id='word_1_137' title='bbox 798 2084 839 2149; x_wconf 89' lang='grc' dir='ltr'><strong><em>οῦ</em></strong></span> <span class='ocrx_word' id='word_1_138' title='bbox 861 2087 1084 2170; x_wconf 89' lang='grc' dir='ltr'><strong><em>προδιδόντος</em></strong></span> <span class='ocrx_word' id='word_1_139' title='bbox 1106 2095 1186 2169; x_wconf 83' lang='grc' dir='ltr'><strong><em>τοὺς</em></strong></span> 
     </span>
     <span class='ocr_line' id='line_1_19' title="bbox 177 2182 1187 2280; baseline 0.005 -22"><span class='ocrx_word' id='word_1_140' title='bbox 177 2195 347 2275; x_wconf 83' lang='grc' dir='ltr'><strong><em>πολιήτας,</em></strong></span> <span class='ocrx_word' id='word_1_141' title='bbox 372 2188 540 2274; x_wconf 87' lang='grc' dir='ltr'><strong><em>Ἀργείονς</em></strong></span> <span class='ocrx_word' id='word_1_142' title='bbox 565 2189 678 2272; x_wconf 84' lang='grc' dir='ltr'><strong><em>μέντοι</em></strong></span> <span class='ocrx_word' id='word_1_143' title='bbox 706 2182 778 2253; x_wconf 89' lang='grc' dir='ltr'><strong><em>οὐδ’</em></strong></span> <span class='ocrx_word' id='word_1_144' title='bbox 805 2188 850 2265; x_wconf 79' lang='grc' dir='ltr'><strong><em>ὣς</em></strong></span> <span class='ocrx_word' id='word_1_145' title='bbox 878 2194 1058 2276; x_wconf 86' lang='grc' dir='ltr'><strong><em>χαιρήσειν.</em></strong></span> <span class='ocrx_word' id='word_1_146' title='bbox 1105 2200 1187 2280; x_wconf 78' lang='grc' dir='ltr'><strong><em>μετὰ</em></strong></span> 
     </span>
     <span class='ocr_line' id='line_1_20' title="bbox 169 2279 1187 2384; baseline 0.004 -22"><span class='ocrx_word' id='word_1_147' title='bbox 169 2279 215 2362; x_wconf 71' lang='grc' dir='ltr'><strong><em>δέ</em></strong></span> <span class='ocrx_word' id='word_1_148' title='bbox 243 2298 382 2376; x_wconf 88' lang='grc' dir='ltr'><strong><em>[ταῦτα]</em></strong></span> <span class='ocrx_word' id='word_1_149' title='bbox 411 2295 661 2378; x_wconf 81' lang='grc' dir='ltr'><strong><em>ἐξαναχωρήσας</em></strong></span> <span class='ocrx_word' id='word_1_150' title='bbox 686 2294 748 2376; x_wconf 87' lang='grc' dir='ltr'><strong><em>τήν</em></strong></span> <span class='ocrx_word' id='word_1_151' title='bbox 775 2297 932 2379; x_wconf 86' lang='grc' dir='ltr'><strong><em>στρατιήν</em></strong></span> <span class='ocrx_word' id='word_1_152' title='bbox 958 2303 1126 2384; x_wconf 87' lang='grc' dir='ltr'><strong><em>κατήγαγε</em></strong></span> <span class='ocrx_word' id='word_1_153' title='bbox 1154 2303 1187 2380; x_wconf 83' lang='grc' dir='ltr'><strong><em>ἐς</em></strong></span> 
     </span>
     <span class='ocr_line' id='line_1_21' title="bbox 59 2393 1188 2488; baseline 0.008 -23"><span class='ocrx_word' id='word_1_154' title='bbox 59 2448 61 2452; x_wconf 88' lang='grc'><strong>-</strong></span> <span class='ocrx_word' id='word_1_155' title='bbox 178 2401 319 2486; x_wconf 82' lang='grc' dir='ltr'><strong><em>Θυρέην,</em></strong></span> <span class='ocrx_word' id='word_1_156' title='bbox 338 2398 606 2482; x_wconf 79' lang='grc' dir='ltr'><strong><em>σφαγιασάμενος</em></strong></span> <span class='ocrx_word' id='word_1_157' title='bbox 624 2393 661 2461; x_wconf 71' lang='grc' dir='ltr'><strong><em>δέ</em></strong></span> <span class='ocrx_word' id='word_1_158' title='bbox 676 2405 716 2480; x_wconf 75' lang='grc' dir='ltr'><strong><em>τῇ</em></strong></span> <span class='ocrx_word' id='word_1_159' title='bbox 729 2399 883 2484; x_wconf 86' lang='grc' dir='ltr'><strong><em>θαλάσση</em></strong></span> <span class='ocrx_word' id='word_1_160' title='bbox 897 2410 1024 2488; x_wconf 89' lang='grc' dir='ltr'><strong><em>ταῦρον</em></strong></span> <span class='ocrx_word' id='word_1_161' title='bbox 1037 2411 1188 2474; x_wconf 90' lang='grc' dir='ltr'><strong><em>πλοίοισί</em></strong></span> 
     </span>
     <span class='ocr_line' id='line_1_22' title="bbox 178 2501 1187 2596; baseline 0.006 -24"><span class='ocrx_word' id='word_1_162' title='bbox 178 2525 281 2592; x_wconf 88' lang='grc' dir='ltr'><strong><em>σφεας</em></strong></span> <span class='ocrx_word' id='word_1_163' title='bbox 298 2507 400 2588; x_wconf 86' lang='grc' dir='ltr'><strong><em>ήγαγε</em></strong></span> <span class='ocrx_word' id='word_1_164' title='bbox 419 2505 452 2578; x_wconf 84' lang='grc' dir='ltr'><strong><em>ἐς</em></strong></span> <span class='ocrx_word' id='word_1_165' title='bbox 465 2524 500 2566; x_wconf 88' lang='grc' dir='ltr'><strong><em>τε</em></strong></span> <span class='ocrx_word' id='word_1_166' title='bbox 517 2501 579 2585; x_wconf 81' lang='grc' dir='ltr'><strong><em>τήν</em></strong></span> <span class='ocrx_word' id='word_1_167' title='bbox 597 2505 783 2586; x_wconf 75' lang='grc' dir='ltr'><strong><em>Τιρυνθίην</em></strong></span> <span class='ocrx_word' id='word_1_168' title='bbox 797 2505 909 2588; x_wconf 82' lang='grc' dir='ltr'><strong><em>χώρην</em></strong></span> <span class='ocrx_word' id='word_1_169' title='bbox 925 2505 981 2571; x_wconf 82' lang='grc' dir='ltr'><strong><em>καὶ</em></strong></span> <span class='ocrx_word' id='word_1_170' title='bbox 995 2511 1187 2596; x_wconf 92' lang='grc' dir='ltr'><strong><em>Ναυπλίην.</em></strong></span> 
     </span>
     <span class='ocr_line' id='line_1_23' title="bbox 126 2605 1187 2698; baseline 0.006 -20"><span class='ocrx_word' id='word_1_171' title='bbox 126 2637 158 2686; x_wconf 78' lang='grc' dir='ltr'><strong><em>τι</em></strong></span> <span class='ocrx_word' id='word_1_172' title='bbox 176 2611 315 2698; x_wconf 77' lang='grc' dir='ltr'><strong><em>Ἀργεῖοι</em></strong></span> <span class='ocrx_word' id='word_1_173' title='bbox 330 2605 366 2674; x_wconf 69' lang='grc' dir='ltr'><strong><em>δὲ</em></strong></span> <span class='ocrx_word' id='word_1_174' title='bbox 381 2608 543 2691; x_wconf 81' lang='grc' dir='ltr'><strong><em>ἐβοήθεον</em></strong></span> <span class='ocrx_word' id='word_1_175' title='bbox 557 2610 807 2692; x_wconf 85' lang='grc' dir='ltr'><strong><em>πυνθανόμενοι</em></strong></span> <span class='ocrx_word' id='word_1_176' title='bbox 820 2618 923 2675; x_wconf 91' lang='grc' dir='ltr'><strong><em>ταῦτα</em></strong></span> <span class='ocrx_word' id='word_1_177' title='bbox 935 2610 988 2677; x_wconf 83' lang='grc' dir='ltr'><strong><em>ἐπὶ</em></strong></span> <span class='ocrx_word' id='word_1_178' title='bbox 998 2616 1187 2684; x_wconf 90' lang='grc' dir='ltr'><strong><em>θάλασσαν.</em></strong></span> 
     </span>
     <span class='ocr_line' id='line_1_24' title="bbox 179 2709 1317 2807; baseline 0.004 -23"><span class='ocrx_word' id='word_1_179' title='bbox 179 2720 221 2796; x_wconf 81' lang='grc' dir='ltr'><strong><em>ὡς</em></strong></span> <span class='ocrx_word' id='word_1_180' title='bbox 244 2714 281 2783; x_wconf 72' lang='grc' dir='ltr'><strong><em>δὲ</em></strong></span> <span class='ocrx_word' id='word_1_181' title='bbox 303 2717 406 2800; x_wconf 88' lang='grc' dir='ltr'><strong><em>ἀγχοῦ</em></strong></span> <span class='ocrx_word' id='word_1_182' title='bbox 428 2709 489 2798; x_wconf 66' lang='grc' dir='ltr'><strong><em>μὲν</em></strong></span> <span class='ocrx_word' id='word_1_183' title='bbox 512 2713 661 2797; x_wconf 87' lang='grc' dir='ltr'><strong><em>ἐγίνοντο</em></strong></span> <span class='ocrx_word' id='word_1_184' title='bbox 684 2723 741 2796; x_wconf 80' lang='grc' dir='ltr'><strong><em>τῆς</em></strong></span> <span class='ocrx_word' id='word_1_185' title='bbox 767 2717 945 2799; x_wconf 87' lang='grc' dir='ltr'><strong><em>Τίρυνθος,</em></strong></span> <span class='ocrx_word' id='word_1_186' title='bbox 969 2721 1065 2807; x_wconf 83' lang='grc' dir='ltr'><strong><em>χόρφ</em></strong></span> <span class='ocrx_word' id='word_1_187' title='bbox 1091 2719 1129 2787; x_wconf 68' lang='grc' dir='ltr'><strong><em>δέ</em></strong></span> <span class='ocrx_word' id='word_1_188' title='bbox 1151 2724 1186 2788; x_wconf 86' lang='grc' dir='ltr'><strong><em>έν</em></strong></span> <span class='ocrx_word' id='word_1_189' title='bbox 1316 2717 1317 2743; x_wconf 67' lang='lat'>³</span> 
     </span>
     <span class='ocr_line' id='line_1_25' title="bbox 178 2818 1188 2912; baseline 0.003 -21"><span class='ocrx_word' id='word_1_190' title='bbox 178 2826 283 2911; x_wconf 79' lang='grc' dir='ltr'><strong><em>τούτῳ</em></strong></span> <span class='ocrx_word' id='word_1_191' title='bbox 310 2831 355 2910; x_wconf 76' lang='grc' dir='ltr'><strong><em>τῷ</em></strong></span> <span class='ocrx_word' id='word_1_192' title='bbox 381 2818 487 2886; x_wconf 89' lang='grc' dir='ltr'><strong><em>ιιέεται</em></strong></span> <span class='ocrx_word' id='word_1_193' title='bbox 510 2822 638 2902; x_wconf 76' lang='grc' dir='ltr'><strong><em>Σήπεια</em></strong></span> <span class='ocrx_word' id='word_1_194' title='bbox 661 2819 799 2903; x_wconf 81' lang='grc' dir='ltr'><strong><em>οὔνομα,</em></strong></span> <span class='ocrx_word' id='word_1_195' title='bbox 823 2825 1015 2905; x_wconf 89' lang='grc' dir='ltr'><strong><em>μεταίχμιον</em></strong></span> <span class='ocrx_word' id='word_1_196' title='bbox 1039 2825 1080 2890; x_wconf 87' lang='grc' dir='ltr'><strong><em>οῦ</em></strong></span> <span class='ocrx_word' id='word_1_197' title='bbox 1103 2827 1188 2912; x_wconf 89' lang='grc' dir='ltr'><strong><em>μέγα</em></strong></span> 
     </span>
     <span class='ocr_line' id='line_1_26' title="bbox 178 2925 1189 3010; baseline -0.01 -14"><span class='ocrx_word' id='word_1_198' title='bbox 178 2930 393 3003; x_wconf 87' lang='grc' dir='ltr'><strong><em>ἀπολιπόντες</em></strong></span> <span class='ocrx_word' id='word_1_199' title='bbox 415 2926 522 3004; x_wconf 77' lang='grc' dir='ltr'><strong><em>ἵζοντο</em></strong></span> <span class='ocrx_word' id='word_1_200' title='bbox 546 2925 653 2990; x_wconf 86' lang='grc' dir='ltr'><strong><em>ἀντίοι</em></strong></span> <span class='ocrx_word' id='word_1_201' title='bbox 675 2935 761 2990; x_wconf 83' lang='grc' dir='ltr'><strong><em>τοῖσι</em></strong></span> <span class='ocrx_word' id='word_1_202' title='bbox 784 2927 1088 3010; x_wconf 90' lang='grc' dir='ltr'><strong><em>Λακεδαιμονίοισι.</em></strong></span> <span class='ocrx_word' id='word_1_203' title='bbox 1136 2933 1189 3000; x_wconf 69' lang='grc' dir='ltr'><strong><em>ἐν.</em></strong></span> 
     </span>
    </p>
   </div>
   <div class='ocr_carea' id='block_1_3' title="bbox 178 3026 1193 3537">
    <p class='ocr_par' dir='ltr' id='par_1_3' title="bbox 178 3026 1193 3537">
     <span class='ocr_line' id='line_1_27' title="bbox 178 3026 1190 3123; baseline 0.004 -22"><span class='ocrx_word' id='word_1_204' title='bbox 178 3043 288 3101; x_wconf 92' lang='grc' dir='ltr'><strong><em>θαῦτα</em></strong></span> <span class='ocrx_word' id='word_1_205' title='bbox 316 3034 357 3116; x_wconf 86' lang='grc' dir='ltr'><strong><em>δή</em></strong></span> <span class='ocrx_word' id='word_1_206' title='bbox 381 3033 417 3096; x_wconf 87' lang='grc' dir='ltr'><strong><em>οί</em></strong></span> <span class='ocrx_word' id='word_1_207' title='bbox 433 3029 574 3115; x_wconf 84' lang='grc' dir='ltr'><strong><em>Ἀργεῑοι</em></strong></span> <span class='ocrx_word' id='word_1_208' title='bbox 595 3032 656 3114; x_wconf 86' lang='grc' dir='ltr'><strong><em>τήν</em></strong></span> <span class='ocrx_word' id='word_1_209' title='bbox 679 3026 740 3114; x_wconf 71' lang='grc' dir='ltr'><strong><em>μέν</em></strong></span> <span class='ocrx_word' id='word_1_210' title='bbox 763 3029 799 3095; x_wconf 86' lang='grc' dir='ltr'><strong><em>ἐκ</em></strong></span> <span class='ocrx_word' id='word_1_211' title='bbox 820 3039 881 3095; x_wconf 91' lang='grc' dir='ltr'><strong><em>τοῦ</em></strong></span> <span class='ocrx_word' id='word_1_212' title='bbox 904 3045 1055 3119; x_wconf 87' lang='grc' dir='ltr'><strong><em>φανεροῦ</em></strong></span> <span class='ocrx_word' id='word_1_213' title='bbox 1078 3040 1190 3123; x_wconf 90' lang='grc' dir='ltr'><strong><em>μάχην</em></strong></span> 
     </span>
     <span class='ocr_line' id='line_1_28' title="bbox 179 3135 1190 3230; baseline 0.004 -24"><span class='ocrx_word' id='word_1_214' title='bbox 179 3141 240 3206; x_wconf 87' lang='grc' dir='ltr'><strong><em>οὐκ</em></strong></span> <span class='ocrx_word' id='word_1_215' title='bbox 272 3137 468 3223; x_wconf 87' lang='grc' dir='ltr'><strong><em>ἐφοβέοντο,</em></strong></span> <span class='ocrx_word' id='word_1_216' title='bbox 501 3135 583 3201; x_wconf 83' lang='grc' dir='ltr'><strong><em>ἀλλά</em></strong></span> <span class='ocrx_word' id='word_1_217' title='bbox 615 3137 659 3219; x_wconf 85' lang='grc' dir='ltr'><strong><em>μή</em></strong></span> <span class='ocrx_word' id='word_1_218' title='bbox 690 3137 777 3222; x_wconf 84' lang='grc' dir='ltr'><strong><em>δόλφ</em></strong></span> <span class='ocrx_word' id='word_1_219' title='bbox 806 3136 993 3221; x_wconf 77' lang='grc' dir='ltr'><strong><em>αἱρεθέωσι.</em></strong></span> <span class='ocrx_word' id='word_1_220' title='bbox 1039 3141 1095 3207; x_wconf 84' lang='grc' dir='ltr'><strong><em>καὶ</em></strong></span> <span class='ocrx_word' id='word_1_221' title='bbox 1123 3146 1190 3230; x_wconf 79' lang='grc' dir='ltr'><strong><em>γὰρ</em></strong></span> 
     </span>
     <span class='ocr_line' id='line_1_29' title="bbox 180 3235 1191 3330; baseline 0.005 -20"><span class='ocrx_word' id='word_1_222' title='bbox 180 3248 221 3327; x_wconf 94' lang='grc' dir='ltr'><strong><em>δή</em></strong></span> <span class='ocrx_word' id='word_1_223' title='bbox 249 3261 309 3328; x_wconf 90' lang='grc' dir='ltr'><strong><em>σφι</em></strong></span> <span class='ocrx_word' id='word_1_224' title='bbox 337 3243 370 3318; x_wconf 87' lang='grc' dir='ltr'><strong><em>ἐς</em></strong></span> <span class='ocrx_word' id='word_1_225' title='bbox 398 3251 496 3306; x_wconf 90' lang='grc' dir='ltr'><strong><em>τοῦτο</em></strong></span> <span class='ocrx_word' id='word_1_226' title='bbox 523 3242 560 3306; x_wconf 86' lang='grc' dir='ltr'><strong><em>τὸ</em></strong></span> <span class='ocrx_word' id='word_1_227' title='bbox 588 3250 720 3325; x_wconf 78' lang='grc' dir='ltr'><strong><em>πρῆγμα</em></strong></span> <span class='ocrx_word' id='word_1_228' title='bbox 748 3235 814 3324; x_wconf 82' lang='grc' dir='ltr'><strong><em>εἶχε</em></strong></span> <span class='ocrx_word' id='word_1_229' title='bbox 839 3241 876 3306; x_wconf 90' lang='grc' dir='ltr'><strong><em>τὸ</em></strong></span> <span class='ocrx_word' id='word_1_230' title='bbox 903 3247 1122 3330; x_wconf 91' lang='grc' dir='ltr'><strong><em>χρηστήριον,</em></strong></span> <span class='ocrx_word' id='word_1_231' title='bbox 1151 3252 1191 3316; x_wconf 89' lang='grc' dir='ltr'><strong><em>τὸ</em></strong></span> 
     </span>
     <span class='ocr_line' id='line_1_30' title="bbox 179 3345 1193 3436; baseline 0.008 -22"><span class='ocrx_word' id='word_1_232' title='bbox 179 3351 327 3416; x_wconf 80' lang='grc' dir='ltr'><strong><em>ἐπίκοινα</em></strong></span> <span class='ocrx_word' id='word_1_233' title='bbox 349 3349 471 3432; x_wconf 60' lang='grc' dir='ltr'><strong><em>,ἔχρησε</em></strong></span> <span class='ocrx_word' id='word_1_234' title='bbox 498 3345 519 3428; x_wconf 87' lang='grc' dir='ltr'><strong><em>ή</em></strong></span> <span class='ocrx_word' id='word_1_235' title='bbox 544 3348 660 3428; x_wconf 89' lang='grc' dir='ltr'><strong><em>Πυθίη</em></strong></span> <span class='ocrx_word' id='word_1_236' title='bbox 683 3345 834 3410; x_wconf 85' lang='grc' dir='ltr'><strong><em>τούτοισί</em></strong></span> <span class='ocrx_word' id='word_1_237' title='bbox 852 3368 887 3412; x_wconf 91' lang='grc' dir='ltr'><strong><em>τε</em></strong></span> <span class='ocrx_word' id='word_1_238' title='bbox 909 3345 964 3412; x_wconf 81' lang='grc' dir='ltr'><strong><em>καὶ</em></strong></span> <span class='ocrx_word' id='word_1_239' title='bbox 986 3352 1193 3436; x_wconf 90' lang='grc' dir='ltr'><strong><em>Μιλησίοισι</em></strong></span> 
     </span>
     <span class='ocr_line' id='line_1_31' title="bbox 179 3448 379 3537; baseline -0.015 -17"><span class='ocrx_word' id='word_1_240' title='bbox 179 3453 277 3537; x_wconf 90' lang='grc' dir='ltr'><strong><em>λέγον</em></strong></span> <span class='ocrx_word' id='word_1_241' title='bbox 301 3448 379 3518; x_wconf 80' lang='grc' dir='ltr'><strong><em>ὧδε·</em></strong></span> 
     </span>
    </p>
   </div>
   <div class='ocr_carea' id='block_1_4' title="bbox 0 0 1337 3960">
    <p class='ocr_par' dir='ltr' id='par_1_4' title="bbox 0 0 1337 3960">
     <span class='ocr_line' id='line_1_32' title="bbox 0 0 1337 3960; baseline 0 0"><span class='ocrx_word' id='word_1_242' title='bbox 0 0 1337 3960; x_wconf 95' lang='lat' dir='ltr'><strong><em> </em></strong></span> 
     </span>
    </p>
   </div>
  </div>
 </body>
</html>
