2632 3970
199 227 265 290 360
610 223 798 281 HERODOTI

200 370 233 446 ές
259 371 296 434 τὸ
324 379 444 453 τεῖχος,
472 367 527 434 καί
553 371 614 453 τήν
641 371 767 453 σκηνὴν
793 370 854 453 τήν
881 371 1080 454 Μαρδονίου
1102 363 1203 436 οὗτοι

199 471 285 558 ήσαν
313 475 349 540 οί
374 476 627 560 διαρπάσαντες,
656 475 695 539 τά
717 499 752 540 τε
779 477 861 542 ἀλλα
887 474 920 553 ἐξ
943 475 1043 558 αὐτῆς
1063 473 1119 540 καὶ
1140 477 1203 559 τήν

200 580 331 665 φάτνην
353 590 420 645 τῶν
443 580 567 663 ἵππων,
596 580 717 646 έοῦσαν
744 578 885 664 χαλκέην
908 589 1016 645 πᾶσαν
1043 578 1098 645 καὶ
1120 579 1204 664 θέης

200 685 303 769 ἀξίην.
348 687 409 770 τήν
437 686 497 771 μέν
523 711 587 752 νυν
617 687 746 771 φάτνην
773 687 895 770 ταύτην
918 689 979 769 τὴν
1001 687 1204 770 Μαρδονίου

200 791 366 858 ἀνέθεσαν
388 791 422 868 ές
443 793 502 858 τὸν
525 794 608 876 νηὸν
631 801 687 876 τής
706 788 818 875 Ἀλέης
836 789 1014 876 Ἀθηναίης
1035 795 1204 876 Τεγεῆται,

200 900 239 963 τά
262 895 299 963 δὲ
322 899 405 964 ἀλλα
429 897 462 974 ές
479 897 596 980 τώυτό,
616 899 677 964 ὅσα
695 920 756 980 περ
776 901 906 981 ἔλαβον,
926 896 1098 980 ἐσήνεικαν
1115 909 1205 964 τοῖσι
1302 911 1303 916 ’

201 1003 344 1087 Ἕλλησι.
387 1004 422 1068 οί
442 999 478 1068 δὲ
501 1003 662 1088 βάρβαροι
683 999 783 1068 οὐδέν
806 1005 854 1068 ἔτι
872 1014 988 1087 στῖφος
1006 1002 1204 1086 ἐποιήσαντο

200 1113 358 1186 πεσόντος
379 1118 440 1174 τοῦ
462 1113 594 1193 τείχεος,
618 1110 694 1174 οὔτε
716 1133 765 1186 τις
788 1110 897 1174 αὐτῶν
920 1108 1019 1194 ἀλκής
1041 1108 1204 1194 ἐμέμνητο

200 1217 380 1294 ἀλύκταζόν
402 1238 437 1279 τε
465 1208 519 1280 οἷα
542 1215 578 1280 έν
602 1215 702 1303 όλίγφ
726 1217 822 1303 χώρῳ
844 1214 1070 1300 πεφοβημένοι
1091 1239 1126 1280 τε
1147 1215 1205 1281 καὶ
1304 1276 1305 1290 ,

200 1319 318 1386 πολλαὶ
348 1320 505 1406 μυριάδες
533 1319 762 1406 κατειλημέναι
789 1321 988 1406 ἀνθρώπων.
1033 1331 1141 1406 παρῆν
1168 1345 1205 1388 τε

200 1438 286 1493 τοῖσι
301 1425 437 1510 Ἕλλησι
456 1428 614 1512 φονεύειν
632 1427 718 1492 ούτω
738 1429 820 1493 ὥστε
838 1430 1013 1512 τριήκοντα
1031 1429 1206 1514 μυριάδων
1305 1506 1306 1520 ¹

201 1541 353 1617 στρατοῦ,
376 1532 625 1598 καταδεουσέων
647 1533 811 1617 τεσσέρων
833 1535 891 1610 τάς
911 1536 996 1618 έχων
1011 1531 1206 1620 Ἀρτάβαζος

200 1642 330 1723 ἔφευγε,
349 1649 416 1704 τῶν
435 1637 577 1704 λοιπέων
595 1636 678 1724 μηδὲ
695 1652 781 1724 τρεῖς
799 1640 948 1724 χιλιάδας
960 1639 1204 1726 περιγενέσθαι.

200 1746 475 1828 Λακεδαιμονίων
491 1741 527 1810 δέ
545 1755 612 1809 τῶν
631 1745 666 1810 έκ
680 1746 835 1829 Σπάρτης
853 1743 1024 1810 ἀπέθανον
1040 1747 1075 1811 ολ
1085 1747 1206 1824 πάντες
1306 1747 1307 1764 ἢ

201 1850 238 1917 έν
255 1858 294 1935 τῇ
313 1853 463 1934 συμβολῇ
477 1841 524 1928 εἷς
541 1848 595 1916 καί
615 1850 823 1934 ἐνενήκοντα,
845 1848 1031 1934 Τεγεητέων
1048 1849 1084 1918 δὲ
1099 1851 1205 1918 ἑκκαί-

202 1958 296 2040 δεκα,
316 1954 504 2040 Ἀθηναίων
529 1953 565 2022 δὲ
589 1958 650 2022 δύο
673 1955 728 2022 καὶ
749 1959 961 2040 πεντήκοντα.

148 2084 182 2132 ἰι
287 2059 478 2147 Ἠρίστευσε
506 2059 542 2128 δέ
569 2074 636 2128 τῶν
664 2063 841 2148 βαρβάρων
867 2065 961 2142 πεζὸς
990 2060 1051 2148 μὲν
1075 2064 1094 2130 ό
1117 2070 1206 2150 Περ-

201 2167 298 2251 σέων,
317 2169 415 2245 ἵππος
434 2165 470 2234 δέ
488 2167 509 2251 ἡ
528 2168 677 2252 Σακέων,
696 2169 779 2253 ἀνήρ
799 2165 836 2234 δέ
853 2168 980 2252 λέγεται
993 2172 1206 2254 Μαρδόνιος·

197 2270 364 2356 Ἑλλήνων
393 2272 445 2356 δέ,
473 2274 611 2357 ἀγαθῶν
641 2273 829 2359 γενομένων
856 2273 910 2339 καὶ
937 2274 1122 2359 Τεγεητέων
1149 2276 1206 2342 καὶ

198 2376 398 2461 Ἀθηναίων,
422 2378 664 2463 ὑπερεβάλοντο
689 2380 786 2464 ἀρετή
808 2382 1074 2464 Λακεδαιμόνιοι.
1115 2383 1205 2470 ἀλλφ

202 2480 262 2570 μέν
295 2481 409 2548 οὐδενί
437 2486 499 2567 ἔχω
528 2484 805 2569 ἀποσημήνασθαι
834 2483 994 2571 (άπαντες
1020 2489 1083 2571 γάρ
1111 2482 1206 2553 οὗτοι

201 2591 280 2666 τοὺς
310 2585 380 2654 κατ’
415 2587 558 2666 ἑωυτούς
585 2589 732 2678 ἐνίκων),
761 2593 811 2656 ὅτι
839 2588 875 2656 δέ
900 2593 981 2656 κατά
1007 2594 1044 2657 τὸ
1072 2595 1206 2678 ίσχυρό-

201 2719 300 2762 τατον
319 2698 610 2782 προσηνείχθησαν
628 2695 682 2762 καί
700 2697 828 2762 τούτων
847 2689 1038 2782 ἐκράτησαν.
1066 2697 1121 2763 καὶ
1133 2700 1204 2784 ἀρι-

202 2820 279 2880 στος
311 2801 439 2886 ἐγένετο
472 2811 585 2890 μακρῷ
614 2799 849 2887 Ἀριστόδημος
879 2804 960 2868 κατά
988 2803 1121 2888 γνώμας
1147 2807 1206 2883 τάς

201 2907 368 2995 ἡμετέρας,
392 2907 428 2985 ὃς
451 2907 487 2973 ἐκ
510 2906 752 2994 Θερμοπυλέων
774 2917 898 2992 μοῦνος
920 2919 987 2974 τῶν
1004 2912 1205 2994 τριηκοσίων
1306 2913 1308 2918 ’

203 3013 326 3091 σωθεὶς
348 3008 413 3098 εἶχε
437 3015 566 3092 ὄνειδος
588 3013 642 3079 καί
661 3014 801 3098 ἀτιμίην.
838 3016 918 3098 μετά
940 3011 977 3080 δέ
995 3023 1115 3080 τοῦτον
1133 3016 1205 3102 ήρί-

203 3137 344 3186 στευσαν
366 3119 593 3196 Ποσειδώνιός
614 3142 649 3184 τε
675 3115 731 3183 καὶ
762 3119 935 3183 Φιλοκύων
961 3117 1015 3183 καὶ
1038 3116 1205 3205 Ἀμομφά-

203 3250 296 3311 ρετος
314 3230 527 3310 Σπαρτιῆται.
564 3229 671 3290 καίτοι
689 3223 867 3308 γενομένης
885 3222 1002 3308 λέσχης
1019 3224 1055 3302 ὃς
1072 3225 1205 3309 γένοιτο

202 3331 312 3396 αὐτῶν
326 3332 469 3415 ἀριστος,
484 3333 634 3414 ἔγνωσαν
649 3331 684 3396 οί
694 3331 955 3416 παραγενόμενοι
969 3331 1205 3416 Σπαρτιητέων

199 3433 436 3518 Ἀριστόδημον
464 3433 525 3520 μέν
551 3439 757 3520 βουλόμενον
785 3446 936 3518 φανερῶς
961 3435 1145 3502 ἀποθανεῖν
1169 3438 1205 3504 ἐκ
