2678 3970
439 304 582 364 mvn.
618 307 695 363 CAP.
716 316 870 366 ιιι-τοο.
1097 311 1165 376 233

159 442 197 514 δὲ
222 448 386 534 πάσχουσι
414 451 450 517 οί
468 453 688 538 Κυτισσώρου
711 462 772 519 τοῦ
797 454 921 538 Φρίξου
942 457 1061 534 παιδὸς
1083 455 1163 523 ἀπό-

157 578 264 640 γονοι,
289 553 373 622 διότι
396 559 572 642 καθαρμὸν
595 569 652 642 της
674 560 783 646 χώρης
802 560 1008 646 ποιευμένων
1022 560 1163 647 Ἀχαιῶν

158 662 195 729 ἐκ
221 666 430 749 θεοπροπίου
448 661 639 750 Ἀθάμαντα
665 669 725 731 τὸν
748 668 875 732 Αἰόλου
897 664 951 732 καὶ
974 670 1163 751 μελλόντων

86 784 88 788 ·
158 793 216 854 μιν
234 770 333 835 θύειν
353 769 549 855 ἀπικόμενος
567 767 665 848 οότος
683 773 701 838 ὁ
719 776 934 859 Κυτίσσωρος
952 772 985 851 ἐξ
1003 779 1088 856 Λίης
1104 785 1163 858 τῆς

157 879 322 962 Κολχίδος
349 876 525 962 ἐρρύσατο,
552 881 692 962 ποιήσας
720 876 757 944 δὲ
783 889 882 944 τοῦτο
908 890 995 944 τοῖσι
1018 879 1161 962 έπιγενο-

158 983 288 1070 μόνοισι
317 983 350 1063 ἐξ
378 981 505 1049 ἑωυτοῦ
531 993 631 1069 μῆνιν
657 994 718 1050 τοῦ
741 993 826 1052 θεοῦ
852 984 995 1070 ἐνέβαλε.
1040 984 1164 1070 Ξέρξης

159 1091 196 1160 δὲ
222 1100 325 1157 ταῦτα
353 1089 495 1166 ἀκούσας
522 1091 567 1167 ώς
593 1093 674 1156 κατὰ
699 1093 737 1157 τὸ
765 1093 865 1169 ἄλσος
888 1092 1034 1176 έγίνετο,
1061 1090 1163 1169 αύτός

156 1222 192 1264 τε
216 1201 328 1283 ἔργετο
352 1195 456 1261 αὐτοῦ
477 1193 532 1261 καὶ
550 1205 590 1282 τη
606 1207 743 1283 στρατιῇ
762 1199 849 1284 πάση
867 1201 1077 1286 παρήγγειλε,
1094 1209 1163 1262 των

156 1329 192 1372 τε
215 1303 424 1387 Ἀθάμαντος
454 1301 630 1386 ἀπογόνων
659 1305 722 1387 την
754 1306 862 1388 οίιιίην
894 1305 1016 1389 ὁμοίως
1041 1302 1098 1370 καὶ
1123 1305 1163 1370 τὸ

156 1410 292 1497 τέμενος
315 1407 454 1492 ἐσέβετο.

249 1521 359 1582 Ταῦτα
390 1511 451 1599 μέν
477 1517 518 1581 τὰ
545 1515 582 1581 έν
609 1520 773 1603 Θεσσαλίη
805 1515 860 1583 καὶ
890 1519 931 1582 τὰ
953 1517 990 1583 έν
1014 1511 1153 1602 Ἀχαιίη·
1165 1537 1217 1587 198
1332 1572 1334 1576 ψ

1 1683 2 1706 ,
156 1625 220 1691 ἀπὸ
250 1620 286 1688 δὲ
312 1622 441 1687 τούτων
466 1631 534 1686 τῶν
556 1623 674 1707 χώρων
696 1624 748 1706 ἤιε
775 1623 808 1699 ἐς
814 1601 891 1707 την
913 1624 1052 1731 Μηλίδμι
1073 1625 1196 1708 παρὰ

1 1711 2 1720 ¹
89 1801 91 1810 ,
156 1735 281 1797 κόλπον
308 1728 493 1810 θαλάσσης,
522 1726 558 1792 ἐν
584 1729 629 1791 τώ
658 1729 804 1812 ἀμπωτίς
829 1751 865 1794 τε
891 1726 946 1793 καὶ
974 1699 1116 1813 ῥηχίη’
1098 1732 1163 1795 ανδι

1 1895 2 1924 ,
156 1847 266 1904 πᾶσαν
298 1832 422 1920 ἡμέρην
454 1836 588 1916 γίνεται.
633 1832 708 1918 περὶ
738 1833 775 1900 δὲ
805 1835 865 1900 τὸν
892 1837 1016 1900 κόλπον
1042 1838 1162 1900 τοῦτόν

16 1951 23 1960 ’
158 1945 227 2010 ε’στι
254 1953 359 2026 χῶρος
386 1940 534 2021 πεδινός,
562 1947 602 2024 τῇ
629 1935 690 2022 μὲν
718 1939 832 2025 εὐρύς,
858 1947 898 2024 τη
922 1936 959 2010 δὲ
981 1938 1037 2005 καὶ
1058 1940 1162 2025 κάρτα

157 2050 298 2124 στεινός·
329 2043 404 2130 περὶ
434 2042 472 2110 δὲ
502 2046 561 2110 τὸν
591 2055 702 2129 χῶρον
729 2047 807 2130 όρεα
834 2044 946 2128 ὑψηλά
972 2043 1028 2110 καί
1056 2047 1162 2129 ἀβατα

156 2157 337 2241 περικληίει
365 2161 474 2218 πᾶσαν
501 2153 563 2235 τὴν
586 2153 724 2234 Μηλίδα
746 2160 824 2235 γῆν,
852 2154 1023 2236 Τρηχίνιαι
1045 2150 1161 2236 πέτραι

156 2263 360 2346 καλεόμεναι.
405 2258 517 2343 πρώτη
541 2255 602 2342 μέν
624 2281 690 2322 νυν
711 2260 807 2334 πόλις
830 2255 898 2323 έστὶ
922 2257 958 2323 έν
979 2267 1025 2346 τῷ
1048 2261 1162 2346 κόλπῳ

157 2369 243 2433 ἰόντι
269 2366 332 2432 ἀπὸ
352 2361 496 2450 Ἀχαιίης
514 2361 703 2449 Ἀντικύρη,
730 2357 809 2448 παρ’
833 2363 877 2448 ἣν
899 2366 1080 2450 Σπερχειὸς
1101 2386 1160 2431 πο-

155 2473 257 2556 ταμὸς
279 2471 364 2558 ῥέων
385 2469 421 2549 έξ
440 2468 601 2553 Ἐνιήνων
624 2469 658 2546 ές
679 2469 854 2540 θάλασσαν
873 2469 1006 2536 ἐκδιδοῖ.
1037 2470 1103 2536 ἀπὸ
1122 2467 1160 2536 δὲ

154 2579 277 2644 τούτου
308 2578 364 2642 διά
396 2578 504 2642 εἴκοσί
530 2599 593 2642 κου
630 2577 774 2642 σταδίων
806 2577 906 2654 ἀλλος
936 2577 1081 2660 ποταμὸς
1112 2584 1161 2662 τῷ

155 2685 283 2770 οὕνομα
309 2682 417 2749 κέεται
438 2683 569 2768 Δύρας,
596 2682 656 2748 τὸν
683 2680 870 2767 βοηθέοντα
894 2678 1050 2766 Ἡρακλέι·
1069 2705 1160 2746 καιο-

154 2790 242 2880 μένῳ
266 2791 365 2873 λόγος
387 2786 456 2855 ἐστὶ
479 2788 699 2874 ἀναφανῆναι.
741 2787 804 2853 ἀπὸ
828 2784 866 2853 δὲ
887 2787 1009 2851 τούτου
1033 2781 1077 2850 δι’
1103 2787 1159 2852 ἀλ-

154 2905 223 2962 λων
255 2901 359 2962 είκοσι
386 2896 530 2960 σταδίων
557 2895 657 2971 ἀλλος
682 2896 828 2977 ποταμός
855 2893 924 2963 ἐστι
951 2891 988 2968 δς
1009 2889 1158 2958 καλέεται

153 3000 277 3078 Μέλας.
331 2997 451 3087 Τρηχὶς
483 2997 521 3065 δὲ
546 3002 641 3076 πόλις
668 2998 731 3063 ἀπὸ
756 3006 819 3062 τοῦ
845 2996 1000 3074 Μέλανος
1027 3001 1148 3063 τούτου
1161 3015 1214 3066 199

153 3117 303 3192 ποταμοῦ
320 3106 417 3172 πέντε
436 3104 553 3170 στάδια
572 3103 691 3187 ἀπέχει.
727 3102 829 3186 ταύτη
849 3097 886 3165 δὲ
903 3098 958 3165 καὶ
977 3101 1158 3186 εύρύτατόν

154 3213 223 3279 έστι
249 3213 355 3295 πόσης
381 3219 439 3294 τῆς
465 3210 574 3294 χώρης
599 3209 719 3290 ταύτης
746 3205 875 3271 ἐκτῶν
903 3203 1008 3290 ὀρέων
1036 3206 1069 3284 ές
1093 3210 1159 3274 θά-

154 3323 296 3401 λασσαν,
325 3313 396 3383 κατ’
427 3313 448 3380 δ
474 3311 596 3399 Τρηχὶς
622 3315 828 3377 πεπόλισται·
860 3311 1004 3396 δισχίλιά
1031 3335 1067 3378 τε
1093 3316 1159 3401 γάρ

153 3422 208 3488 καὶ
237 3425 395 3508 δισμύρια
421 3420 551 3507 πλέθρα
573 3427 634 3483 τοῦ
656 3419 774 3486 πεδίου
797 3417 874 3483 ἐστί.
919 3426 980 3484 τοῦ
1003 3415 1040 3484 δέ
1063 3420 1160 3504 ὄρεος

152 3531 189 3594 τὸ
222 3531 402 3615 περικληίει
433 3527 494 3610 την
526 3533 590 3608 γῆν
617 3525 678 3608 τὴν
709 3526 890 3610 Τρηχινίην
918 3525 986 3591 ἔστι
1014 3522 1158 3606 διασφὰξ
