2678 3968
170 193 237 297 τεο
528 261 533 272 -
578 232 767 289 εταοοονι

171 383 273 441 ταῦτα
295 376 496 462 παραινέειν,
520 378 557 444 ἐκ
579 373 614 442 δέ
637 386 698 442 τοῦ
717 386 893 462 κονιορτοῦ
910 375 1040 461 καὶτῆς
1057 387 1172 462 φωνῆς

171 480 330 564 γενέσθαι
351 481 454 567 νέφος
475 481 530 548 καλ
553 479 781 566 μεταρσιωθὲν
804 482 966 569 φέρεσθαι
989 480 1042 548 ἐπὶ
1062 487 1172 548 Σαλα-

172 597 267 670 μῖνος
290 585 343 652 ἐπὶ
364 589 402 652 τὸ
425 589 647 673 στρατόπεδον
668 589 706 653 τὸ
728 598 795 653 τῶν
813 585 988 672 Ἑλλήνων.
1024 587 1110 653 ούτω
1129 589 1171 672 δή

172 691 294 769 αὐτούς
314 700 438 776 μαθεῖν
460 695 511 759 ὅτι
532 695 570 759 τὸ
593 695 750 759 ναυτικὸν
772 694 809 758 τὸ
827 692 954 778 Ξέρξεω
973 691 1171 759 ἀπολέεσθαι

172 797 294 883 μέλλοι.
329 809 431 865 ταῦτα
453 797 515 884 μὲν
532 803 671 876 Δίκαιος
692 799 711 865 δ
733 800 916 876 Θεοκύδεος
934 802 1034 882 ἔλεγε,
1058 805 1172 884 Δημα-

172 906 274 989 ρήτου
296 928 331 970 τε
353 903 408 970 καλ
430 907 540 971 ἄλλων
562 906 739 991 μαρτύρων
760 908 1010 990 καταπτόμενος.

119 1036 154 1086 ες
262 1010 306 1075 Ol
326 1007 363 1076 δὲ
382 1009 415 1086 ἐς
431 1012 490 1076 τὸν
509 1010 635 1097 Ξέρξεω
652 1011 810 1076 ναυτικόν
828 1011 968 1096 στρατὸν
985 1008 1173 1095 ταχθέντες,

173 1116 284 1200 ἐπειδή
316 1116 352 1182 ἐκ
378 1120 539 1202 Τρηχῖνος
564 1116 766 1200 θεησάμενοι
792 1117 830 1181 τὸ
856 1127 969 1201 τρῶμα
997 1118 1035 1182 τὸ
1057 1117 1199 1182 Λακω-Ι

172 1222 267 1287 νικὸν
300 1219 458 1304 διέβησαν
488 1222 521 1299 ἐς
546 1223 607 1305 τήν
634 1218 807 1305 Ἱστιαίην,
834 1220 1021 1305 ἐπισχόντες
1051 1220 1175 1307 ἡμέρας

172 1337 261 1413 τρεῖς
287 1329 404 1392 ἔπλεον
432 1325 475 1391 δι’
501 1327 668 1412 Εὐρίπου,
695 1325 751 1392 καὶ
778 1326 815 1392 ἐν
838 1325 966 1412 ἑτέρῃσι
987 1325 1076 1411 τρισί
1096 1327 1175 1413 ἡμέ-

173 1449 250 1518 ρησι
273 1431 426 1515 ἐγένοντο
450 1432 487 1498 ἐν
512 1435 663 1520 Φαλήρῳ.
705 1433 750 1510 ὡς
771 1429 833 1517 μὲν
855 1431 928 1516 ἐμοὶ
951 1431 1089 1515 δοκέειν,
1112 1434 1175 1499 οὐκ

174 1539 348 1615 ἐλάσσονες
379 1539 488 1615 ἐόντες
519 1538 665 1624 ἀριθμὸν
695 1538 853 1622 ἐσέβαλον
885 1538 919 1615 ἐς
949 1539 1007 1616 τὰς
1032 1539 1176 1622 Ἀθήνας

173 1644 254 1711 κατά
276 1667 311 1709 τε
337 1645 475 1729 ήπειρον
501 1641 555 1708 καὶ
581 1653 655 1729 τῇσι
682 1642 781 1727 νηυσὶ
809 1643 1045 1729 [ἀπικόμενοι],
1072 1644 1093 1728 ή
1121 1645 1179 1710 ἐπί

172 1773 209 1815 τε
231 1749 385 1833 Σηπιάδα
412 1750 569 1814 ἀπίκοντο
596 1747 652 1814 καλ
681 1749 714 1827 ἐς
736 1752 959 1836 Θερμοπύλας.
1004 1749 1176 1834 ἀντιθήσω
1319 1780 1320 1834 χ

173 1859 237 1942 χάρ
264 1859 353 1922 τοῖσί
377 1879 412 1922 τε
438 1857 503 1922 ὑπὸ
529 1865 590 1921 τοῦ
616 1865 776 1940 χειμῶνος
805 1856 915 1922 αὐτῶν
942 1856 1177 1941 ἀπολομένοισι

174 1961 230 2028 καὶ
247 1973 333 2028 τοῖσι
351 1962 388 2028 ἐν
404 1963 636 2056 Θερμοπύλῃσι
654 1960 709 2026 καί
726 1971 801 2046 τῇσι
819 1959 868 2028 ἐπ’
887 1960 1076 2050 Ἀρτεμισίῳ
1094 1987 1177 2028 ναν·

174 2072 310 2155 μαχίησι
340 2070 461 2135 τούσδε
491 2071 570 2146 τοὺς
600 2070 673 2133 τότε
706 2068 793 2134 ούκω
824 2066 1005 2153 ἑπομένους
1036 2068 1177 2152 βασιλέϊ,
1320 2091 1321 2096 ’

174 2173 325 2256 Μηλιέας
346 2173 402 2239 καὶ
419 2173 570 2260 Δωριέας
591 2172 647 2239 καὶ
663 2175 815 2258 Λοκροὺς
836 2171 893 2238 καλ
909 2177 1077 2250 Βοιωτοὺς
1094 2194 1177 2239 παν-

175 2288 311 2364 στρατιῇ
335 2277 514 2363 ἑπομένους
536 2279 622 2362 πλήν
645 2277 813 2344 Θεσπιέων
835 2301 871 2343 τε
893 2277 947 2344 καί
970 2279 1177 2362 Πλαταιέων,

174 2383 231 2451 καὶ
252 2385 339 2469 μάλα
357 2387 566 2469 Καρυστίους
588 2407 622 2450 τε
643 2383 698 2448 καὶ
718 2380 890 2468 Ἀνδρίους
906 2382 961 2448 καὶ
982 2389 1125 2468 Τηνίους
1141 2409 1178 2452 τε

175 2489 231 2556 καὶ
257 2493 336 2566 τοὺς
363 2492 499 2566 λοιποὺς
524 2491 688 2573 νησιώτας
713 2490 852 2572 πάντας,
879 2491 966 2574 πλήν
992 2501 1059 2556 τῶν
1080 2489 1179 2557 πέντε

175 2599 304 2663 πολίων
325 2606 392 2660 τῶν
415 2594 627 2678 ἐπεμνήσθην
648 2598 811 2679 πρότερον
832 2596 873 2660 τά
895 2595 1071 2680 οὐνόματα.
1109 2598 1178 2685 ὅσῳ

176 2705 240 2790 γάρ
273 2703 314 2786 δή
345 2699 522 2786 προέβαινε
551 2699 699 2786 ἐσωτέρω
730 2711 787 2784 τῆς
809 2697 966 2778 Ἑλλάδος
992 2701 1010 2767 ὁ
1034 2701 1178 2788 Πέρσης,

125 2831 158 2881 ει
178 2810 326 2897 τοσούτῳ
353 2807 440 2873 πλέω
468 2806 568 2872 ἔθνεά
597 2807 772 2872 οί·είπετο.
818 2804 888 2871 ἐπεὶ
914 2803 962 2871 ὧν
984 2806 1121 2872 ἀπίκατο
1145 2808 1180 2884 ἐς

177 2918 235 2993 τάς
258 2912 402 2998 Ἀθήνας
432 2913 551 2990 πάντες
578 2907 670 2978 οὗτοι
697 2912 783 2995 πλήν
810 2915 949 2995 Παρίων
976 2910 1114 3000 (Πάριοι
1141 2910 1179 2978 δὲ

178 3019 437 3106 ὑπολειφθέντες
468 3019 505 3084 ἐν
533 3019 662 3106 Κύθνῳ
695 3017 913 3101 ἐκαραδόκεον
943 3019 1003 3083 τὸν
1033 3020 1180 3102 πόλεμον

177 3136 218 3212 κῇ
242 3124 470 3212 ἀποβήσεται),
498 3124 534 3190 οί
558 3123 594 3189 δὲ
617 3121 727 3189 λοιποὶ
749 3124 793 3200 ὧς
815 3123 971 3189 ἀπίκοντο
995 3123 1027 3200 ἐς
1048 3126 1086 3190 τὸ
1112 3126 1180 3190 Φά-

177 3237 296 3318 ληρον,
329 3232 474 3297 ἐνθαῦτα
506 3223 624 3314 κατέβη
656 3229 754 3306 αὐτὸς
780 3228 903 3313 Ξέρξης
929 3227 982 3296 ἐπὶ
1007 3231 1065 3308 τάς
1090 3229 1180 3312 νέας,

178 3336 306 3402 ἐθέλων
320 3353 382 3419 σφι
400 3335 559 3420 συμμῖξαί
569 3359 604 3400 τε
621 3333 677 3400 καὶ
694 3335 865 3402 πυθέσθαι
878 3346 944 3400 τῶν
958 3335 1182 3401 ἐπιπλεόντων

176 3442 235 3516 τὰς
263 3441 404 3523 γνώμας.
449 3439 518 3505 ἐπεὶ
546 3437 582 3506 δέ
611 3431 806 3524 ἀπικόμενος
833 3445 997 3526 προΐζετο,
1028 3451 1181 3526 παρῆσαν
