2640 3960
424 218 491 275 ΜΒ.
507 221 539 275 V.
577 222 653 276 CAP.
675 228 831 277 τοι-ωε.
1087 227 1130 290 57

122 363 323 444 τιμωρήσειν
350 379 420 447 σφι.
455 363 570 441 Ἴωνες
599 362 636 430 δὲ
658 375 715 449 τῆς
734 362 923 449 Ἀθηναίων
947 372 1132 452 συμμαχίης

122 466 340 552 στερηθέντες
361 467 465 556 (οὕτω
484 471 547 558 γάρ
567 487 627 556 σφι
645 472 770 557 ὑπῆρχε
788 472 991 558 πεποιημένα
1010 474 1043 551 ές
1062 480 1132 539 Δα-

122 572 234 658 ρεῖον)
267 570 368 639 οὐδέν
404 577 445 658 δὴ
478 571 583 660 ήσσον
614 578 673 642 τὸν
704 579 786 663 πρὸς
818 578 953 662 βασιλέα
984 583 1130 664 πόλεμον

122 676 346 757 ἐσκευάζοντο.
390 683 579 760 πλώσαντες
606 681 644 747 δὲ
666 683 699 759 ἐς
722 685 781 748 τὸν
799 681 1042 768 Ἑλλήσποντον
1066 690 1131 752 Βυ-

122 783 254 862 ζάντιόν
275 807 311 850 τε
336 784 391 850 καὶ
418 788 476 864 τάς
498 789 598 864 άλλας
620 791 715 865 πόλις
737 789 842 866 πάσας
864 791 921 866 τάς
943 791 1045 876 ταότη
1068 788 1127 858 ὑπ’

121 889 276 958 ἑωυτοῖσι
304 891 517 977 ἐποιήσαντο,
546 893 770 972 ἐκπλώσαντές
794 919 829 960 τε
857 895 917 974 ἔξω
940 898 999 961 τὸν
1017 893 1132 980 Ἑλλή-

120 1013 269 1063 σποντον
281 1001 410 1085 Καρίης
427 1001 488 1084 τήν
506 1001 632 1084 πολλὴν
650 1002 915 1088 προσεκτήσαντο
934 1005 1030 1092 σφίσι
1049 1003 1131 1087 σύμ-

119 1127 229 1188 μαχον
251 1099 350 1170 εἶναι·
372 1104 427 1171 καὶ
449 1107 513 1192 γάρ
536 1107 596 1190 τήν
616 1110 753 1173 Καῦνον
771 1111 933 1195 πρότερον
952 1108 993 1174 οὐ
1012 1111 1131 1192 βουλο-

119 1208 226 1294 μένην
245 1210 455 1300 συμμαχέειν,
479 1212 524 1289 ώς
543 1211 727 1298 ἐνέπρησαν
745 1214 802 1290 τδις
820 1215 958 1300 Σάρδις,
976 1216 1050 1280 τότε
1068 1229 1130 1299 σφι

118 1314 176 1380 καὶ
190 1317 273 1400 αὕτη
287 1317 514 1403 προσεγένετο.
532 1319 679 1404 Κύπριοι
693 1314 730 1383 δὲ
741 1317 918 1384 ἐθέλονταί
929 1334 990 1402 σφι
1003 1319 1122 1396 πάντες
1132 1343 1184 1394 104

117 1420 364 1506 προσεγένοντο
392 1425 478 1506 πλήν
502 1421 748 1508 Ἀμαθουσίων·
781 1422 968 1508 ἀπέστησαν
990 1426 1053 1510 γὰρ
1075 1423 1131 1490 καὶ

119 1523 216 1594 οὗτοι
238 1523 303 1594 ὧδε
326 1527 389 1594 άπὸ
408 1529 550 1612 Μήδων.
593 1524 636 1612 ῆν
652 1526 821 1614 Ὀνήσιλος
838 1531 971 1614 Γόργου
990 1526 1051 1616 μέν
1069 1539 1131 1598 τοῦ

119 1637 338 1719 Σαλαμινίων
365 1634 518 1718 βασιλέος
543 1634 703 1719 ἀδελφεὸς
725 1636 900 1721 νεώτερος,
929 1635 1070 1720 Χέρσιος
1094 1633 1131 1702 δὲ

118 1749 181 1806 τοῦ
199 1742 359 1826 Σιρώμου
381 1749 442 1806 τοῦ
460 1740 673 1817 Εὐέλθοντος
695 1752 779 1818 ταῖς.
822 1736 919 1818 οὗτος
943 1741 1033 1825 ὡνήρ
1051 1746 1130 1807 πολ-

118 1847 213 1924 λάκις
239 1845 300 1931 μὲν
325 1845 380 1912 καὶ
402 1849 565 1933 πρότερον
587 1848 647 1914 τὸν
669 1849 801 1933 Γόργον
824 1847 1047 1933 παρηγορέετο
1070 1846 1129 1912 άπ-

119 1957 279 2020 ίστασθαι
309 1953 372 2019 άπὸ
400 1952 567 2037 βασιλέος,
594 1956 666 2018 τότε
691 1953 742 2035 δέ,
771 1953 815 2030 ὡς
837 1951 892 2018 καὶ
914 1956 992 2030 τοὺς
1011 1952 1130 2030 Ἴωνας

118 2058 263 2126 ἐπύθετο
294 2058 489 2142 ἀπεστάναι,
515 2059 623 2143 πάγχυ
650 2058 853 2142 ἐπικείμενος
876 2058 978 2143 ἐνῆγε.
1025 2060 1069 2136 ὡς
1092 2057 1129 2126 δὲ

118 2167 182 2233 οὐκ
196 2169 310 2232 ἔπειθε
323 2167 383 2232 τὸν
397 2169 538 2251 Γόργον,
558 2165 705 2230 ἐνθαῦτά
718 2189 776 2249 μιν
790 2164 937 2250 φυλάξας
952 2163 1129 2242 ἐξελθόντα

116 2276 155 2339 τὸ
179 2275 263 2338 άστυ
285 2274 323 2339 τὸ
342 2275 558 2356 Σαλαμινίων
581 2271 599 2336 δ
620 2268 788 2354 Ὀνήσιλος
810 2272 877 2356 άμα
896 2282 983 2337 τοῖσι
1002 2270 1128 2338 ἑωυτοῦ

117 2381 321 2466 στασιώτησι
352 2379 525 2462 ἀπεκλήισε
557 2389 623 2442 τών
650 2376 791 2444 πυλέων.
837 2380 965 2463 Γόργος
992 2375 1052 2463 μέν
1085 2381 1127 2464 δὴ

118 2485 294 2573 στερηθεὶς
315 2495 373 2570 τῆς
394 2487 509 2561 πόλιος
532 2487 651 2568 ἔφευγε
675 2483 709 2562 ές
725 2485 878 2568 Μήδους,
899 2481 1067 2568 Ὀνήσιλος
1090 2482 1142 2558 δὲ,

117 2589 198 2678 ήρχε
222 2597 413 2678 Σαλαμῖνος
441 2589 496 2656 καὶ
524 2589 679 2656 άνέπειθε
706 2590 831 2667 πάντας
853 2593 1025 2676 Κυπρίους
1047 2607 1127 2656 συν-

117 2703 331 2765 απίστασθαι.
375 2699 453 2775 τοὺς
480 2694 541 2782 μὲν
565 2698 605 2781 δή
629 2697 750 2774 ἄλλους
772 2696 938 2779 ἀνέπεισε,
963 2694 1127 2780 Ἀμαθου-

117 2810 214 2884 σίους
251 2803 287 2872 δέ
324 2805 365 2870 οὐ
401 2803 627 2890 βουλομένους
663 2804 698 2868 οἱ
728 2805 908 2869 πείθεσθαι
940 2801 1127 2887 ἐπολιόρκεε

115 2916 395 3002 προσκατήμενος.

204 3016 373 3104 Ὀνήσιλος
391 3017 452 3103 μέν
469 3041 534 3082 νυν
553 3017 739 3102 ἐπολιόρκεε
755 3010 976 3099 Ἀμαθοῦντα,
991 3012 1121 3096 βασιλέι·
1130 3033 1179 3084 105

117 3125 156 3193 δέ
171 3129 307 3212 Δαρείῳ
327 3125 371 3202 ὡς
390 3123 570 3208 ἐξαγγέλθη
590 3123 716 3207 Σάρδις
735 3121 879 3196 ἁλούσας
898 3119 1127 3205 ἐμπεπρῆσθαι

115 3235 182 3300 ὑπό
204 3257 240 3298 τε
264 3229 454 3315 Ἀθηναίων
481 3227 536 3294 καὶ
560 3223 698 3309 Ἰώνων,
725 3227 785 3292 τὸν
808 3222 845 3290 δὲ
867 3225 1015 3310 ῆγεμόνα
1035 3225 1127 3310 γενέ-

116 3347 199 3407 σθαι
235 3348 293 3422 τῆς
329 3342 493 3420 συλλογῆς
525 3335 607 3399 ὥστε
638 3341 741 3398 ταῦτα
772 3338 1034 3417 συνυφανθῆναι
1066 3334 1126 3398 τὸν

114 3447 288 3529 Μιλήσιον
309 3441 556 3530 Ἀρισταγόρην,
579 3451 691 3527 πρῶτα
714 3435 777 3525 μέν
800 3439 926 3524 λέγεται
945 3439 1057 3522 αὐτόν,
1081 3439 1126 3515 ὡς
