2678 3970
418 269 484 325 ωε,
500 269 559 327 vu,
593 271 667 327 CAP.
688 277 796 340 9—10,
816 275 840 344 μ.
1071 271 1135 335 143

135 410 210 487 νέας
238 413 295 488 τάς
322 411 462 492 ἀπάσας;
501 413 545 490 ὡς
570 412 631 498 μέν
659 414 722 497 ἐγώ
747 413 865 497 δοκέω,
894 416 956 481 οὐκ
983 416 1016 493 ές
1038 425 1135 481 τοῦτο

134 517 277 602 θράσεος
300 517 413 602 ἀνήκει
434 521 474 584 τά
488 515 656 602 Ἑλλήνων
673 522 861 604 πρήγματα·
885 523 916 586 εί
933 518 970 587 δὲ
989 523 1052 606 ἀρα
1071 521 1135 605 ἐγώ

133 646 167 687 τε
189 626 373 708 ψευσθείην
395 626 510 710 γνώμῃ
536 623 591 691 καλ
614 625 734 690 ἐκείνοι
757 626 973 711 ἐπαερθέντες
995 627 1135 712 ἀβουλίῃ

134 730 266 794 ἔλθοιεν
291 729 369 814 ἡμῖν
397 729 430 807 ές
452 731 569 815 μάχην,
593 731 735 815 μάθοιεν
759 730 800 796 ἀν
823 733 868 808 ὥς
890 734 980 816 είμεν
1004 732 1135 817 ἀνθρώ-

132 855 204 898 πων
235 836 364 920 ἀριστοι
394 836 435 900 τά
463 835 610 920 πολέμια.
656 839 737 903 ἔστω
771 831 801 901 δ’
837 833 884 902 ὧν
916 834 1020 922 μηδὲν
1047 837 1135 903 ἀπεί-

134 959 247 1024 ρητον·
283 941 468 1026 αὐτόματον
490 944 553 1028 γάρ
577 942 687 1026 οὐδέν,
711 937 782 1009 ἀλλ’
808 943 871 1007 ἀπὸ
894 946 1008 1028 πείρης
1030 943 1135 1008 πάντα

133 1045 342 1131 ἀνθρώποισι
364 1046 471 1131 φιλέει
493 1052 656 1131 γίνεσθαι.

219 1152 416 1235 Μαρδόνιος
447 1149 507 1237 μέν
538 1163 682 1219 τοσαῦτα
714 1153 884 1238 ἐπιλεήνας
913 1154 974 1237 τὴν
1007 1153 1133 1239 Ξέρξεω
1154 1171 1188 1219 10

133 1258 269 1342 γνώμην
289 1255 463 1323 έπέπαυτο·
487 1260 688 1324 σιωπώντων
708 1256 744 1324 δέ
762 1269 829 1324 τών
847 1261 957 1325 ἀλλων
975 1257 1135 1344 Περσέων

133 1361 187 1428 καὶ
215 1363 257 1428 ού
283 1364 482 1447 τολμώντων
509 1365 646 1449 γνώμην
673 1364 935 1431 ἀποδείκνυσθαι
958 1365 1074 1448 ἀντίην
1095 1372 1135 1448 τῃ

133 1467 344 1556 προκειμένῃ,
378 1465 576 1556 Ἀρτάβανος
612 1469 630 1535 ὁ
665 1466 872 1553 Ὑστάσπεος,
909 1472 1039 1556 πάτρως
1070 1469 1134 1534 έών

134 1573 249 1660 Ξέρξῃ,
272 1583 317 1664 τῷ
341 1576 382 1658 δὴ
400 1573 454 1640 καλ
472 1579 611 1653 πίσυνος
629 1575 693 1641 έών
712 1578 802 1658 ἔλεγε
820 1577 910 1642 τάδε·
929 1567 968 1640 Ὦ
986 1579 1131 1659 βασιλεῦ,
1151 1603 1170 1636 α

134 1683 177 1766 μη
206 1679 405 1765 λεχθεισέων
436 1679 497 1766 μέν
528 1681 686 1767 γνωμέων
718 1681 857 1747 ἀντιέων
888 1682 1046 1767 ἀλλήλῃσι
1074 1682 1135 1746 οὐκ

135 1789 203 1852 ἔστι
220 1788 281 1871 τὴν
299 1787 421 1871 ἀμείνω
440 1789 635 1873 αἱρεόμενον
654 1786 800 1871 ἑλέσθαι,
823 1787 906 1853 ἀλλά
924 1789 977 1854 δεῖ
991 1797 1030 1873 τῃ
1049 1789 1135 1872 είρη-

134 1892 216 1979 μένῃ
238 1899 393 1978 χρᾶσθαι,
415 1892 614 1978 λεχθεισέων
638 1889 674 1958 δέ
698 1895 776 1975 ἔστι,
800 1893 909 1978 ώσπερ
930 1895 989 1958 τὸν
1008 1894 1134 1978 χρυσὸν

136 2000 194 2064 τὸν
211 1998 374 2082 ἀκήρατον
393 1998 495 2064 αὐτὸν
512 1995 573 2083 μέν
592 1996 641 2063 ἐπ’
663 1997 789 2064 ἑωυτοῦ
806 1999 846 2064 ού
861 1999 1133 2082 διαγινώσκομεν,

135 2095 233 2177 έπεάν
260 2101 297 2169 δὲ
323 2107 576 2191 παρατρίψωμεν
603 2105 691 2190 ἀλλφ
714 2112 840 2191 χρυσῷ,
871 2104 1132 2188 διαγινώσκομεν

134 2211 193 2275 τὸν
220 2209 350 2294 ἀμείνω.
396 2210 459 2294 ἐγώ
487 2207 524 2275 δέ
550 2207 605 2274 καὶ
631 2207 729 2295 πατρὶ
756 2218 801 2297 τῷ
830 2217 893 2298 σῷ,
923 2208 1073 2296 ἀδελφεῷ
1097 2207 1134 2275 δέ

136 2315 212 2402 ἐμῷ,
235 2318 368 2402 Δαρείῳ
391 2314 553 2399 ἠγόρευον
580 2316 623 2399 μὴ
647 2315 885 2399 στρατεύεσθαι
908 2313 961 2379 έπλ
985 2315 1134 2398 Σκύθας,

136 2422 260 2504 ἀνδρας
290 2420 456 2504 οὐδαμόθι
481 2430 542 2504 γῆς
568 2421 651 2486 ἀστυ
677 2420 851 2506 νέμοντας·
886 2420 904 2486 ὁ
932 2417 969 2486 δέ
996 2420 1134 2500 ἐλπίζων

137 2527 274 2602 Σκύθας
307 2527 386 2602 τοὺς
416 2526 562 2610 νομάδας
592 2525 875 2608 καταστρέψεσθαι
907 2526 983 2611 έμοί
1008 2549 1042 2591 τε
1074 2526 1135 2591 ούκ

138 2631 296 2715 ἐπείθετο,
319 2631 598 2717 στρατευσάμενός
618 2654 652 2696 τε
674 2634 817 2709 πολλοὺς
839 2629 894 2697 καὶ
912 2631 1061 2714 ἀγαθοὺς
1078 2641 1135 2715 τῆς

137 2747 289 2823 στρατιῆς
310 2737 486 2821 ἀποβαλὼν
508 2735 644 2820 ἀπῆλθε.
690 2740 732 2802 σὺ
756 2736 807 2819 δέ,
831 2732 857 2802 ώ
880 2739 1030 2819 βασιλεῦ,
1060 2735 1134 2820 μέλ-

137 2849 204 2921 λεις
226 2837 275 2909 ἐπ’
301 2844 424 2928 ἀνδρας
447 2843 684 2926 στρατεύεσθαι
705 2844 829 2907 πολλὸν
853 2844 900 2907 ἔτι
921 2840 1134 2924 ἀμείνοναςῆ

44 2965 51 2980 ’
138 2950 291 3031 Σκύθας,
319 2951 354 3013 οἳ
377 2948 459 3013 κατά
483 2947 657 3012 θάλασσάν
679 2970 714 3013 τε
737 2949 865 3031 ἀριστοι
892 2942 947 3010 καὶ
969 2944 1050 3009 κατά
1071 2953 1135 3029 γῆν

138 3053 289 3137 λέγονται
312 3049 406 3120 εἶναι.
450 3054 487 3118 τὸ
511 3049 548 3118 δέ
570 3052 699 3118 αύτοίσι
722 3054 828 3117 ἔνεστι
852 3051 980 3131 δεινόν,
1003 3047 1062 3133 έμέ
1082 3066 1135 3116 σοι

139 3161 268 3224 δίκαιόν
294 3159 363 3225 ἐστι
390 3159 534 3243 φράζειν.
581 3156 691 3236 ζεύξας
718 3153 784 3242 φῂς
810 3157 869 3221 τὸν
893 3151 1171 3238 Ἑλλήσποντονβ

139 3265 217 3331 έλᾶν
242 3266 383 3349 στρατὸν
410 3265 465 3328 διά
489 3272 546 3347 τῆς
568 3262 731 3347 Εὐρώπης
754 3260 786 3338 ές
807 3261 869 3344 την
887 3256 1036 3326 Ἑλλάδα.
1080 3259 1135 3327 καὶ

140 3371 181 3454 δὴ
203 3369 258 3436 καὶ
280 3371 453 3454 συνήνεικε
473 3371 546 3452 ἤτοι
568 3368 649 3433 κατά
670 3375 733 3450 γῆν
753 3366 774 3451 ἢ
792 3365 846 3432 καὶ
864 3368 945 3432 κατὰ
962 3366 1135 3433 θάλασσαν

140 3473 342 3560 ἑσσωθῆναι,
369 3474 390 3560 ἣ
413 3472 467 3540 καὶ
493 3470 563 3539 κατ’
591 3472 771 3559 ἀμφότερα·
805 3473 840 3538 οί
858 3473 921 3560 γάρ
944 3473 1063 3559 ἀνδρες
1085 3471 1134 3537 λέ·
