2678 3968
2 1928 24 2016 {⁵

494 803 806 881 ΗΡΟΔΟΤΟΤ

618 957 677 998 'l'oY

209 1061 626 1128 ΑΛΙΚΑΡΝΗΣΣΕΟΣ
655 1063 898 1132 ΙΣΤΟΡΙΩΝ
925 1064 1087 1132 ΟΓΔΟΗ

409 1205 699 1258 οηιοοεοουοαο
718 1206 884 1259 omnm.

230 1447 517 1534 01ΔΕἙιιήιωι
531 1452 564 1528 ές
576 1452 636 1517 τὸν
648 1453 808 1518 ναυτικὸν
822 1455 963 1538 στρατὸν
971 1452 1150 1539 ταχθέντες
1170 1475 1183 1524 1

147 1552 231 1640 ἦσαν
255 1557 335 1639 οἵδε,
356 1553 529 1641 Ἀθηναῖοι
548 1555 609 1642 μὲν
627 1557 704 1635 νέας
721 1563 942 1644 παρεχόμενοι
961 1558 1078 1626 ἑκατὸν
1095 1559 1150 1626 καὶ

146 1669 250 1728 είκοσι
267 1661 322 1728 καὶ
341 1661 432 1728 ἑπτά·
454 1663 520 1729 ὑπὸ
539 1660 577 1729 δὲ
594 1663 710 1750 ἀρετῆς
725 1687 760 1729 τε
778 1661 833 1729 καὶ
850 1667 1041 1749 προθυμίης
1060 1669 1151 1732 Πλα-

146 1765 260 1850 ταιέες,
283 1769 412 1851 ἄπειροι
430 1777 488 1851 τῆς
506 1777 661 1852 ναυτικῆς
679 1769 798 1850 ἐόντες,
818 1772 1050 1854 συνεπλήρουν
1063 1781 1151 1836 τοῖσι

144 1867 352 1956 Ἀθηναίοισι
372 1875 430 1948 τὰς
451 1871 539 1955 νέας,
563 1877 743 1958 Κορίνθιοι
762 1871 799 1940 δὲ
817 1875 1056 1957 τεσσεράκοντα
1074 1874 1151 1954 νέας

146 1981 353 2063 παρείχοντο,
377 1978 547 2062 Μεγαρέες
570 1975 607 2045 δέ
630 1985 741 2045 είκοσι.
782 1977 837 2044 καὶ
860 1979 1038 2057 Χαλκιδέες
1056 1981 1152 2066 ἐπλή-

148 2107 232 2169 ρουν
246 2089 359 2165 είκοσι,
375 2079 563 2167 Ἀθηναίων
578 2101 639 2168 σφι
656 2088 867 2170 παρεχόντων
886 2086 943 2162 τδις
955 2084 1043 2169 νέας,
1058 2089 1151 2171 Αίγι-

150 2199 243 2272 νηται
262 2186 298 2254 δὲ
317 2189 547 2272 ὀκτωκαίδεκα,
566 2195 747 2256 Σικυώνιοι
770 2187 807 2256 δὲ
821 2192 1028 2275 δυοκαίδεκα,
1048 2197 1152 2260 Λακε-

150 2297 316 2378 δαιμόνιοι
339 2291 376 2360 δὲ
398 2293 491 2377 δέκα,
511 2289 716 2383 Ἐπιδαύριοι
740 2293 777 2363 δέ
800 2295 894 2378 ὀκτώ,
916 2293 1092 2382 Ἐρετριέες
1115 2296 1151 2366 δὲ

80 2447 81 2450 ¹
149 2399 239 2482 ἑπτά,
257 2402 443 2485 Τροιζήνιοι
458 2397 495 2465 δὲ
508 2399 616 2484 πέντε,
630 2399 774 2486 Στυρέες
788 2397 825 2466 δὲ
839 2401 901 2467 δύο
914 2399 970 2466 καὶ
979 2406 1079 2487 Κήιοι
1089 2407 1151 2472 δύο
1186 2461 1187 2464 ¹
1210 2409 1214 2422 ¹

148 2529 183 2571 τε
191 2504 269 2582 νέας
277 2503 333 2570 καὶ
341 2504 619 2589 πεντηκοντέρους
629 2508 699 2572 δύο.
718 2504 844 2592 Λοκροὶ
855 2506 894 2573 δέ
902 2523 962 2592 σφι
972 2509 1008 2574 οί
1016 2506 1151 2576 Ὀπούν-

148 2635 213 2677 τιοι
240 2611 443 2696 ἐπεβοήθεον
469 2612 744 2698 πεντεκοντέρους
771 2617 901 2699 ἔχοντες
928 2612 1016 2678 ἑπτά.
1065 2610 1186 2696 ήσανε

149 2723 210 2803 μέν
227 2719 275 2783 ὢν
294 2713 387 2783 οὗτοι
405 2718 441 2783 οί
457 2721 710 2803 στρατευόμενοι
724 2715 774 2785 ἐπ’
792 2719 1005 2805 Ἀρτεμίσιον,
1026 2725 1151 2805 εἴρηται

149 2823 189 2890 δέ
209 2847 266 2908 μοι
287 2821 341 2888 καὶ
364 2824 445 2890 ὅσον
462 2829 591 2907 πλῆθος
609 2823 739 2891 ἕκαστοι
757 2835 824 2889 τῶν
842 2835 929 2890 νεῶν
946 2827 1151 2910 παρείχοντο.

149 2930 291 3015 ἀριθμὸς
319 2925 355 2995 δὲ
381 2941 449 2995 τῶν
475 2929 739 3016 συλλεχθεισέων
765 2940 853 2994 νεῶν
876 2926 925 2995 ἐπ’
949 2924 1152 3015 Ἀρτεμίσιον

148 3031 202 3119 ἦν,
225 3035 325 3120 πάρεξ
347 3045 415 3100 τῶν
436 3035 721 3121 πεντηκοντέρων,
750 3035 916 3117 διηκόσιαι
938 3031 992 3098 καὶ
1015 3033 1152 3121 ἑβδομή-

149 3164 249 3206 κοντα
262 3138 317 3206 καὶ
326 3143 392 3224 μία.
424 3142 484 3206 τὸν
494 3137 531 3206 δὲ
545 3141 728 3225 στρατηγὸν
741 3140 801 3204 τὸν
814 3139 851 3204 τὸ
866 3137 1021 3223 μέγιστον
1033 3141 1153 3226 κρότος

149 3249 266 3330 έχοντα
292 3249 488 3331 παρείχοντο
510 3249 715 3331 Σπαρτιῆται
733 3244 949 3329 Εὐρυβιάδην
972 3245 1152 3332 Εὐρυκλεί-

151 3353 229 3417 δεω·
262 3353 296 3416 οί
319 3353 383 3437 γὰρ
406 3353 571 3436 σύμμαχοι
598 3351 659 3416 οὐκ
682 3353 829 3434 ἔφασαν,
855 3349 898 3434 ἢν
920 3352 964 3436 μή
988 3351 1006 3418 ὁ
1029 3353 1151 3420 Λάκων

150 3456 350 3543 ἡγεμονεύῃ,
384 3454 591 3540 Ἀθηναίοισι
627 3455 769 3534 ἕψεσθαι
806 3454 1015 3542 ἡγεομένοισι
1022 3506 1032 3540 ,
1069 3459 1151 3526 ἀλλὰ
