2678 3970
219 275 283 340 230
313 291 314 294 ι
631 273 817 329 Ηειιοοοω

219 415 328 502 άφατα
355 420 501 504 χρήματα
530 418 749 505 περιεβάλετο.
793 413 863 482 ἀλλ’
895 414 913 483 ό
941 413 1002 502 μέν
1028 411 1129 480 τᾶλλα
1157 415 1223 479 οὐκ
1327 413 1328 434 ³

219 522 383 608 εὐτυχέων
406 525 565 610 εὑρήμασι
588 523 670 610 μέγα
688 523 846 599 πλούσιος
864 522 1007 606 ἐγένετο·
1028 517 1070 605 ἦν
1089 520 1152 606 γάρ
1170 543 1223 596 τις
1327 527 1328 574 λ

171 625 282 695 191καὶ
296 638 414 696 τοῦτον
428 631 542 716 άχαρις
556 630 710 715 συμφορὴ
730 633 875 694 λυπεῦσα
893 629 1107 712 παιδοφόνος.
1130 643 1222 690 σιτα-

220 744 338 817 γωγῶν
362 731 398 800 δέ
422 735 572 801 ὁλκάδων
595 733 733 800 καὶτῶν
752 736 861 799 ἄλλων
880 737 1005 800 πλοίων
1025 735 1221 817 διαφθειρο-
1327 719 1328 722 ¹

220 837 329 923 μένων
352 841 413 905 οὐκ
436 840 517 924 ἐπῆν
536 841 687 925 ἀριθμός,
707 839 789 904 ὥστε
808 839 974 915 δείσαντες
993 839 1028 902 οί
1044 835 1220 922 στρατηγοὶ
1327 867 1328 912 ι

219 953 280 1009 τοῦ
293 953 451 1010 ναυτικοῦ
465 953 608 1029 στρατοῦ
621 946 665 1029 μή
680 961 740 1027 σφι
752 941 1007 1028 ’κεκακωμένοισι
1022 943 1221 1009 ἐπιθέωνται
1324 934 1328 990 ἰ

221 1050 257 1114 οί
272 1053 444 1132 Θεσσαλοί,
467 1049 562 1135 ἕρκος
584 1049 713 1132 ὑψηλὸν
736 1048 860 1114 ἐκτῶν
883 1052 1052 1132 ναυηγίων
1070 1048 1221 1133 περιεβά-

221 1159 328 1221 λοντο.
364 1153 486 1238 ἡμέρας
503 1155 566 1240 γάρ
590 1155 630 1238 δὴ
650 1154 793 1239 ἐχείμαζε
811 1165 910 1240 τρεῖς·
933 1154 1025 1230 τέλος
1044 1150 1081 1218 δέ
1100 1153 1221 1238 ἔντομά

220 1283 255 1324 τε
291 1268 459 1336 ποιεῦντες
490 1257 544 1324 καὶ
574 1261 800 1337 καταείδοντες
832 1263 928 1346 ῥοῇσι
965 1260 1000 1325 οί
1029 1259 1143 1342 Μάγοι
1174 1267 1220 1346 τῷ

221 1363 346 1454 άνέμφ,
377 1368 458 1452 πρός
485 1388 519 1431 τε
548 1365 695 1430 τούτοισι
721 1363 775 1430 καὶ
797 1374 836 1450 τῇ
866 1365 942 1431 Θέτι
972 1362 1027 1430 καὶ
1049 1373 1123 1449 τῇσι
1149 1367 1222 1447 Νη-

222 1475 311 1557 ρηίσι
338 1471 479 1547 θύοντες
507 1472 654 1535 ἔπαυσαν
675 1471 810 1556 τετάρτῃ
837 1469 957 1556 ἡμέρη,
984 1470 1004 1554 ἢ
1028 1471 1134 1547 άλλως
1155 1494 1222 1546 κως

221 1576 319 1652 αὐτὸς
342 1575 469 1641 ἐθέλων
492 1575 638 1641 ἐκόπασε.
683 1585 721 1660 τῇ
745 1572 782 1640 δὲ
805 1574 882 1641 Θέτι
908 1579 1018 1647 έθυονΙ
1035 1579 1221 1661 πυθόμενοι
1327 1591 1328 1622 ³

221 1682 308 1765 παρὰ
329 1691 396 1746 τῶν
415 1679 538 1746 Ἰώνων
560 1682 620 1746 τὸν
643 1683 743 1764 λόγον
766 1681 811 1758 ὡς
833 1681 868 1746 ἐκ
889 1689 950 1747 τοῦ
972 1683 1082 1768 χώρου
1099 1683 1221 1748 τούτου
1327 1715 1328 1726 ¹

222 1786 407 1872 ἁρπασθείη
426 1785 490 1853 ὐπὸ
510 1785 648 1870 Πηλέος,
668 1792 717 1870 εἴη
735 1809 770 1851 τε
788 1787 897 1851 άπασα
914 1786 935 1870 η
954 1787 1033 1871 ἀκτὴ
1051 1786 1072 1870 ἡ
1091 1789 1221 1870 Σηπιὰς

172 1911 220 1960 192
231 1891 356 1975 ἐκείνης
378 1913 413 1956 τε
439 1889 494 1956 καὶ
520 1903 587 1957 τῶν
612 1893 721 1956 άλλων
744 1893 935 1977 Νηρηίδων.
981 1889 1082 1976 ὁμέν
1107 1893 1148 1977 δη
1171 1917 1221 1958 τε·
1317 1933 1328 1984 η

221 1998 322 2084 τάρτη
338 1997 440 2085 ἡμέρη
455 1997 628 2064 ἐπέπαυτο·
647 2008 733 2062 τοῖσι
748 1994 784 2062 δέ
799 1995 934 2082 Ἕλλησι
948 1998 984 2062 οί
999 1997 1218 2084 ἡμεροσκόποι

223 2103 285 2170 άπὸ
308 2115 374 2169 τῶν
397 2106 507 2189 άκρων
524 2114 591 2168 τῶν
609 2103 784 2186 Εὐβοϊκῶν
801 2105 1064 2187 καταδραμόντες
1083 2105 1219 2190 δευτέρη

222 2207 326 2294 ἡμέρη
349 2203 403 2274 ὐπ’
427 2205 466 2293 ἧς
493 2209 510 2274 ὁ
534 2209 655 2293 χειμὼν
678 2207 696 2274 ὁ
718 2218 846 2294 πρῶτος
869 2207 1013 2293 ἐγένετο,
1041 2209 1220 2295 ἐσήμαινον

223 2314 329 2377 πάντα
337 2315 377 2377 τά
386 2316 547 2396 γενόμενα
556 2311 630 2399 περὶ
640 2315 880 2397 τὴνναυηγίην.
900 2315 934 2378 οί
942 2311 978 2380 δὲ
988 2315 1032 2392 ὡς
1042 2315 1220 2399 ἐπύθοντο,
1327 2335 1328 2382 λ

224 2416 427 2482 Ποσειδέωνι
450 2427 573 2501 σωτῆρι
595 2417 767 2502 εὐξάμενοι
789 2417 845 2482 καλ
862 2420 1007 2496 σπονδάς
1024 2419 1222 2505 προχέαντες
1327 2437 1328 2482 7

222 2521 283 2608 τὴν
318 2525 474 2607 ταχίστην
511 2522 613 2588 ὀπίσω
645 2522 819 2606 ἠπείγοντο
852 2522 903 2588 ἐπὶ
939 2525 976 2590 τὸ
1005 2518 1220 2610 Ἀρτεμίσιον,

224 2630 412 2705 ἐλπίσαντες
440 2627 552 2712 ὀλίγας
578 2629 670 2705 τινάς
697 2644 757 2713 σφι
781 2628 950 2708 ἀντιξόους
978 2633 1113 2696 ἔσεσθαι
1135 2631 1221 2708 νέας.

224 2737 260 2802 οί
279 2731 339 2821 μέν
367 2735 408 2818 δη
437 2734 474 2799 τὸ
503 2736 659 2820 δεύτερον
686 2735 841 2812 ἐλθόντες
862 2733 938 2821 περὶ
959 2737 996 2802 τὸ
1015 2733 1222 2822 Ἀρτεμίσιον
1327 2807 1328 2844 ρ

224 2842 431 2926 ἐναυλόχεον,
451 2838 680 2918 Ποσειδέωνος
698 2850 844 2926 σωτηρος
862 2841 1012 2926 ἐπωνυμί
1009 2865 1052 2926 ην
997 2841 1133 2908 ίάκὸ
1147 2845 1221 2908 τού
1327 2845 1328 2848 ’

175 2968 222 3017 193
233 2972 292 3014 του
320 2950 367 3014 ἔτι
394 2943 449 3012 καὶ
472 2945 505 3024 ἐς
530 2947 607 3012 τόδε
629 2950 710 3032 νομί
710 2951 829 3026 ζ·οντες
858 2948 893 3012 οί
913 2943 1148 3034 δέβάρβαροι,
1178 2949 1223 3025 ὡς
1313 2931 1328 2974 ⁴¹

224 3054 386 3120 έπαύσατό
404 3075 439 3118 τε
462 3051 480 3117 ὁ
503 3052 623 3138 άνεμος
644 3050 698 3118 καλ
720 3053 757 3117 τὸ
778 3060 865 3136 κῦμα
883 3055 1035 3138 ἔστρωτο,
1058 3055 1222 3119 κατασπά-

225 3177 339 3236 σαντες
361 3159 418 3235 τάς
439 3155 516 3236 νέας
539 3162 656 3224 ἔπλεον
678 3159 766 3243 παρὰ
788 3159 848 3242 την
866 3159 1013 3245 ἤπειρον,
1036 3159 1223 3244 κάμψαντες
1327 3191 1328 3252 3

225 3262 262 3330 δὲ
284 3266 344 3348 την
367 3265 471 3350 άκρην
489 3268 687 3349 Μαγνησίης
711 3262 808 3329 ἰθέαν
831 3267 947 3330 ἔπλεον
970 3263 1003 3342 ἐς
1019 3265 1079 3331 τὸν
1096 3268 1222 3331 κόλπον

224 3372 282 3436 τὸν
314 3368 367 3436 ἐπὶ
394 3371 578 3454 Παγασέων
610 3369 764 3456 φέροντα.
809 3371 878 3435 ἐστι
906 3366 942 3435 δέ
971 3380 1076 3456 χῶρος
1108 3370 1144 3436 ἐν
1175 3380 1221 3458 τῷ

225 3479 333 3562 κόλπῳ
347 3477 452 3564 τούτῳ
466 3484 524 3558 τῆς
533 3479 740 3559 Μαγνησίης,
756 3477 840 3540 ἔνθα
855 3474 979 3560 λέγεται
993 3477 1051 3542 τὸν
1059 3471 1222 3561 Ἡρακλέα
