2678 3970
420 235 486 290 ΜΒ.
501 236 560 292 vll.
598 235 674 293 οΑΡ.
697 243 850 293 ιον-ιιι,
1075 237 1140 304 185

134 379 258 457 ἐόντες·
281 379 448 448 ἀνειμένοι
471 377 508 446 δέ
532 379 566 458 ές
586 381 624 446 τὸ
648 380 828 466 ἐλεύθερον
852 381 914 447 οὐκ
934 380 976 447 ἂν
993 381 1140 448 ποιέοιεν

133 487 262 552 τούτων
290 487 455 572 οὐδέτερα.
501 485 605 552 δοκέω
634 483 671 552 δέ
698 489 801 571 ἔγωγε
827 485 882 552 καὶ
913 487 1142 568 ἀνισωθέντας

134 594 258 676 πλήθεϊ
278 597 425 678 χαλεπῶς
448 591 489 658 άν
508 590 671 676 Ἓλληνας
694 591 843 679 Πέρσησι
865 595 1020 678 μούνοισι
1043 596 1140 680 μάχε-

134 705 227 765 σθαι.
273 698 355 764 ἀλλά
380 693 457 784 παρ’
482 697 563 784 ἡμίν
585 700 684 764 τοῦτό
708 698 776 764 ἐστι
798 700 835 765 τὸ
859 701 901 765 σὺ
923 699 1042 784 λέγεις,
1071 704 1140 767 έστι

134 827 173 871 νε
196 801 257 890 μέν
286 805 326 870 οὐ
353 806 478 871 πολλὸν
506 805 588 870 ἀλλά
615 805 771 870 σπάνιον·
803 803 867 871 είσλ
894 807 958 890 γὰρ
982 807 1141 892 Περσέων

7 929 8 932 ’
135 921 203 977 τῶν
222 910 310 996 ἐμῶν
329 913 544 997 αἰχμοφόρων
563 915 599 976 οἳ
610 911 808 994 ἐθελήσουσι
818 908 985 995 Ἑλλήνων
1000 911 1142 998 ἀνδράσι

135 1014 224 1101 τρισί
242 1015 327 1102 ὁμοῦ
345 1018 522 1102 μάχεσθαι·
539 1027 608 1084 τῶν
625 1019 669 1083 σὺ
687 1017 751 1083 ἐὼν
765 1018 899 1102 άπειρος
912 1019 1017 1083 πολλά
1035 1023 1141 1102 φλυη·

136 1122 231 1207 ρέεις.
276 1123 359 1209 πρὸς
379 1131 482 1189 ταῦτα
504 1123 704 1210 Δημάρητος
725 1121 826 1207 λέγει·
844 1114 883 1188 'Sl
905 1127 1052 1208 βασιλεῦ,
1075 1124 1193 1210 άρ-ιοο

136 1234 241 1314 χῆθεν
264 1229 450 1315 ἠπιστάμην
473 1230 524 1296 ότι
547 1229 687 1316 ἀληθείη
715 1230 899 1315 χρεώμενος
922 1231 963 1295 οὐ
986 1233 1067 1315 φίλα
1089 1253 1142 1296 τοι

136 1332 227 1420 ἐρέω.
273 1336 316 1399 σὺ
345 1331 382 1402 δέ
409 1332 478 1401 ἐπεὶ
500 1335 688 1420 ἠνάγκασας
711 1334 819 1420 λέγειν
842 1346 909 1401 τῶν
932 1337 1041 1420 λόγων
1063 1339 1143 1414 τοὺς

136 1441 393 1525 ἀληθεστάτους,
413 1444 528 1525 ἔλεγον
545 1443 586 1507 τά
603 1445 786 1526 κατήκοντα
805 1444 1041 1528 Σπαρτιήτῃσι.
1072 1446 1142 1508 καί·

135 1571 190 1614 τοι
217 1546 262 1625 όις
289 1546 353 1631 ἐγὼ
375 1549 527 1633 τυγχάνω
549 1549 590 1613 τά
612 1557 677 1614 νῦν
698 1548 776 1614 τάδε
800 1547 963 1632 ἐστοργὼς
985 1548 1142 1633 ἐκείνους,

136 1653 237 1731 αὐτὸς
263 1653 403 1738 μάλιστα
430 1654 624 1737 ἐξεπίστεαι,
649 1655 685 1719 οί
708 1677 748 1738 με
774 1657 873 1738 τιμήν
900 1676 936 1720 τε
963 1653 1018 1720 καὶ
1043 1653 1142 1740 γέρεα

137 1760 334 1845 ἀπελόμενοι
355 1761 503 1846 πατρώια
521 1761 638 1826 άπολίν
657 1783 692 1824 τε
710 1757 765 1824 καὶ
783 1760 917 1844 φυγάδα
934 1761 1143 1844 πεποιήκασι,

7 1897 15 1968 ι,
136 1866 244 1951 πατὴρ
277 1861 315 1932 δέ
345 1867 404 1943 σὸς
434 1864 676 1951 ὑποδεξάμενος
708 1868 784 1949 βίον
813 1864 850 1931 τί
880 1889 936 1950 μοι
966 1863 1022 1930 καὶ
1049 1861 1143 1933 οἷκον

138 1973 250 2038 ἔδωκε.
287 1970 349 2037 οὐκ
367 1966 415 2037 ἀν
434 1973 524 2048 οίκός
542 1972 610 2037 ἐστι
629 1972 735 2057 ἄνδρα
753 1971 813 2037 τόν
828 1971 988 2056 σώφρονα
1006 1971 1143 2056 εὐνοίην

138 2075 348 2163 φαινομένην
371 2075 585 2160 διωθέεσθαι,
609 2076 692 2142 ἀλλά
714 2076 862 2163 στέργειν
885 2077 1033 2162 μάλιστα.
1078 2077 1144 2162 ἐγὼ

139 2180 178 2249 δέ
205 2183 280 2248 οὔτε
304 2181 383 2248 δέκα
409 2181 550 2268 άνδράσι
579 2182 758 2269 ὑπίσχομαι
786 2176 855 2260 οἷός
876 2207 923 2271 τε1
940 2177 1026 2249 εἶναι
1047 2184 1144 2270 μάχε-

138 2296 222 2355 σθαι
249 2289 324 2354 οὔτε
353 2290 480 2372 δυοῖσι,
515 2288 661 2356 ἑκόντι
689 2284 774 2355 εἶναι
802 2283 875 2355 οὐδ’
906 2287 948 2355 άυ
975 2313 1143 2376 μουνομα-

138 2393 256 2481 χέοιμι.
302 2395 334 2460 εί
355 2392 392 2460 δέ
415 2395 575 2479 ἀναγκαίη
599 2401 649 2479 ελη
672 2394 693 2480 ἢ
716 2394 816 2480 μέγας
837 2419 888 2473 τις
909 2395 928 2462 δ
951 2395 1144 2482 ἐποτρύνων

138 2501 245 2586 άγάν,
278 2503 443 2586 μαχοίμην
471 2498 512 2565 άν
538 2501 672 2566 πάντων
699 2503 817 2586 ἥδιστα
845 2499 895 2568 ἑνὶ
921 2499 1050 2568 τούτων
1075 2513 1143 2568 τῶν

139 2607 274 2692 ἀνδρῶν
302 2610 338 2672 οἳ
357 2603 525 2691 Ἑλλήνων
548 2606 683 2684 ἔκαστός
705 2625 787 2693 φησι
809 2619 912 2693 τριῶν
935 2607 1025 2687 ἀξιος
1048 2603 1144 2672 εἶναι,

140 2713 185 2791 ὣς
221 2711 258 2780 δὲ
289 2711 344 2779 καὶ
374 2712 633 2798 Λακεδαιμόνιοι
667 2715 749 2785 κατὰ
780 2711 841 2798 μέν
872 2712 931 2779 ἕνα
963 2715 1143 2797 μαχόμενοι

140 2819 298 2904 οὐδαμῶν
321 2822 385 2886 είσι
406 2821 557 2895 κακίονες
579 2818 729 2904 ἀνδρῶν,
757 2815 849 2894 άλέες
875 2813 913 2882 δὲ
935 2819 1064 2902 άριστοι
1086 2817 1143 2882 ἀν-

140 2926 231 3012 δρῶν
254 2924 417 2992 ἁπάντων.
454 2924 626 3010 ἐλεύθεροι
647 2926 711 3010 γάρ
734 2923 843 3000 ἐόντες
865 2922 907 2988 οὐ
928 2922 1035 2987 πάντα
1054 2921 1145 2987 έλεύ·

138 3034 241 3119 θεροί
260 3032 339 3098 εἰσι·
361 3034 472 3098 ἔπεστι
493 3030 557 3116 γάρ
580 3046 641 3116 σφι
665 3031 824 3112 δεσπότης
845 3030 958 3111 νόμος,
981 3029 1041 3093 τὸν
1063 3027 1143 3093 ὑπο-

140 3138 349 3223 δειμαίνουσι
375 3141 486 3224 πολλῷ
515 3138 563 3202 ἔτι
590 3138 715 3220 μᾶλλον
741 3132 762 3218 ἢ
786 3132 822 3199 ολ
845 3130 899 3198 σοὶ
922 3130 968 3199 σέ.
1012 3141 1145 3218 ποιεῦσι

138 3254 210 3326 γῶν
231 3245 272 3309 τά
294 3241 336 3308 ἀν
359 3241 484 3318 ἐκεῖνος
506 3240 632 3326 άνόγη·
656 3237 775 3322 άνώγει
799 3234 836 3304 δέ
858 3237 964 3304 τώυτὸ
983 3240 1057 3323 αίεί,
1082 3239 1144 3306 οὐκ

139 3348 205 3415 ἐῶν
228 3350 365 3435 φεύγειν
389 3343 490 3414 οὐδὲν
511 3350 641 3430 πλῆθος
662 3344 851 3431 ἀνθρώπων
870 3344 906 3410 ἐκ
924 3345 1037 3431 μάχης,
1061 3346 1144 3412 ἀλλά

138 3441 300 3538 μένοντας
327 3455 364 3522 ἐν
390 3463 430 3540 τη
456 3451 527 3532 τάξι
556 3449 758 3538 ἐπικρατέειν
779 3450 800 3536 ἣ
824 3450 1043 3518 ἀπόλλυσθαι.
1089 3451 1142 3518 σοί
