2678 3968
396 310 461 368 Llss.
478 311 550 368 vm.
588 312 840 370 efflue-125.
1063 316 1127 384 309

124 450 282 536 Ἕλληνες
309 454 343 532 ἐς
364 457 423 522 τὸν
443 450 581 542 Ἰσθμὸν
604 457 756 542 ἀριστήια
780 459 942 537 δώσοντες
963 469 1009 548 τῷ
1032 459 1128 540 ἀξιω-

122 559 208 646 τάτφ
227 560 396 650 γενομένῳ
411 558 580 646 Ἑλλήνων
598 563 661 629 ἀνά
679 565 738 630 τὸν
756 567 901 649 πόλεμον
918 575 1047 632 τοῦτον.
1084 569 1128 646 ῶς

125 661 162 729 δέ
190 665 381 751 ἀπικόμενοι
409 669 445 733 οί
465 668 643 755 στρατηγοὶ
665 671 818 755 διένεμον
840 673 897 748 τάς
919 675 1052 756 ψήφους
1075 673 1128 740 ἐπὶ

122 779 183 836 τοῦ
207 772 439 851 Ποσειδέωνος
460 783 506 862 τῷ
530 779 641 864 βωμῷ,
664 778 723 842 τὸν
745 787 878 862 πρῶτον
900 775 954 841 καὶ
977 779 1036 842 τὸν
1056 780 1128 844 δεύ-

121 900 220 962 τερον
242 883 412 964 κρίνοντες
440 881 475 946 ἐκ
502 882 650 964 πάντων,
679 880 827 947 ἐνθαῦτα
854 891 917 959 πᾶς
942 906 992 960 τις
1020 885 1129 948 αι’πῶν

123 981 235 1072 ἑωυτῷ
260 985 388 1051 ἐτίθετο
411 988 472 1070 τήν
495 996 621 1072 ψήφου,
645 988 743 1065 αὐτὸς
761 987 897 1064 ἕκαστος
915 987 1042 1054 δοκέων
1060 991 1130 1075 ἀρι-

123 1106 200 1168 στος
212 1090 382 1175 γενέσθαι,
402 1094 539 1179 δεύτερα
554 1091 591 1159 δὲ
605 1094 640 1159 οδ
651 1093 768 1160 πολλοὶ
782 1092 1019 1172 συνεξέπιπτον
1034 1099 1129 1179 Θεμι-

123 1196 260 1264 στοκλέα
286 1202 465 1282 κρίνοντες.
510 1200 546 1264 οί
570 1195 631 1283 μὲν
655 1201 696 1284 δή
720 1201 943 1284 ἐμουνοῦντο,
974 1205 1129 1284 Θεμιστο-

122 1301 219 1386 κλέης
247 1301 283 1370 δέ
307 1307 521 1391 δευτερείοισι
544 1306 781 1390 ὑπερεβάλλετο
805 1309 939 1372 πολλόν.
977 1307 1019 1372 οὐ
1041 1311 1119 1391 βου-
1131 1325 1182 1376 124

122 1409 274 1492 λομένων
298 1407 335 1475 δέ
357 1419 459 1476 ταῦτα
481 1415 609 1496 κρίνειν
632 1423 699 1477 τῶν
716 1409 884 1496 Ἐλλήνων
903 1414 1034 1500 φθάνφ,
1054 1411 1126 1479 ἀλλ’

123 1515 358 1581 ἀποπλεόντων
386 1515 532 1583 ἑκάστων
560 1518 593 1595 ἐς
614 1519 675 1602 τήν
699 1517 831 1584 ἑωυτῶν
855 1518 1012 1604 ἀκρίτων,
1042 1519 1130 1603 ὅμως

123 1623 361 1707 Θεμιστοκλέης
375 1623 509 1707 ἐβώσθη
523 1621 627 1688 τεκαὶ
642 1623 791 1708 ἐδοξώθη
807 1619 892 1690 εἶναι
907 1626 991 1710 ἀνήρ
1006 1627 1129 1692 πολλὸν

119 1723 287 1811 Ἑλλήνων
310 1731 502 1814 σοφώτατος
525 1728 589 1794 ἀνὰ
610 1739 720 1794 πᾶσαν
742 1731 804 1814 τήν
823 1727 973 1796 Ἐλλάδα.
1019 1731 1070 1798 ὅτι
1092 1729 1130 1797 δέ

122 1845 226 1899 νικῶν
253 1835 315 1900 οὐκ
343 1835 482 1920 ἐτιμήθη
510 1837 592 1921 πρὸς
618 1846 685 1901 τῶν
714 1835 750 1902 ἐν
772 1840 940 1919 Σαλαμῖνι
962 1860 1130 1922 ναυμαχη-

123 1940 269 2024 σάντων,
297 1941 414 2006 αὐτίκα
441 1943 520 2026 μετά
546 1951 648 2008 ταῦτα
676 1942 709 2019 ἐς
731 1944 965 2027 Λακεδαίμονα
998 1944 1129 2010 ἀπίκετο

121 2045 235 2112 θέλων
262 2054 456 2132 τιμηθῆναι·
488 2051 547 2112 καί
571 2073 628 2133 μιν
650 2051 909 2133 Λακεδαιμόνιοι
936 2055 1042 2127 καλῶς
1069 2047 1129 2134 μὲν

123 2151 339 2237 ὑπεδέξαντο,
362 2155 511 2238 μεγάλως
535 2151 572 2219 δέ
595 2153 761 2239 ἐτίμησαν.
807 2155 959 2241 ἀριστήια
982 2155 1043 2240 μέν
1065 2180 1129 2221 νυν

124 2259 247 2324 ἔδοσαν
277 2260 473 2346 Εὐρυβιάδῃ
505 2259 615 2344 ἐλαίης
647 2259 829 2344 στέφανον,
859 2265 979 2346 σοφίης
1011 2259 1048 2328 δὲ
1074 2260 1130 2328 καλ

125 2363 310 2447 δεξιότητος
337 2364 564 2450 Θεμιστοκλέι,
594 2363 648 2431 καλ
675 2368 781 2454 τούτςο
810 2367 976 2452 στέφανον
1004 2367 1129 2452 ἐλαίης·

123 2470 334 2556 ἐδωρήσαντό
356 2470 394 2536 τέ
414 2495 471 2556 μιν
495 2473 560 2558 δχφ
583 2480 629 2560 τῶ
653 2472 690 2538 ἐν
713 2473 850 2558 Σπάρτη
873 2476 1130 2541 καλλιστεύοντι.

124 2577 314 2654 αἰνέσαντες
341 2574 378 2643 δὲ
401 2578 520 2661 πολλά,
549 2577 762 2662 προέπεμψαν
786 2578 924 2645 άπιόντα
947 2583 1130 2666 τριηκόσιοι

122 2683 359 2770 Σπαρτιητέων
381 2684 533 2768 λογάδες,
558 2679 652 2750 οὗτοι
675 2685 789 2770 οἵπερ
814 2686 923 2762 ίππέες
945 2685 1128 2766 καλέονται,

122 2790 217 2878 μέχρι
236 2791 348 2877 οὔρων
365 2801 433 2856 τῶν
457 2794 667 2874 Τεγεητικῶν.
705 2800 832 2875 μοῦνον
851 2793 891 2875 δή
910 2799 1030 2856 τοῦτον
1048 2792 1129 2856 πάν-

121 2921 191 2963 των
205 2897 396 2982 ἀνθρώπων
406 2907 474 2961 τῶν
483 2895 576 2979 ήμεϊς
586 2897 681 2980 ἴδμεν
691 2900 896 2980 Σπαρτιῆται
905 2896 1129 2981 προέπεμψαν.

122 3005 168 3080 ὡς
195 3001 233 3069 δὲ
261 3003 296 3069 ἐκ
321 3011 379 3086 τῆς
401 3003 651 3085 Λακεδαίμονος
679 3001 811 3067 ἀπίκετο
834 3001 868 3078 ἐς
889 3003 946 3078 τὰς
965 2999 1118 3086 Ἀθήνας,
1133 3018 1181 3069 125

123 3111 271 3176 ἐνθαῦτα
299 3109 487 3194 Τιμόδημος
506 3102 710 3190 Ἀφιδναῖος,
734 3117 801 3172 τῶν
824 3106 956 3192 ἐχθρῶν
979 3105 1040 3191 μέν
1062 3119 1128 3174 τῶν

122 3215 360 3300 Θεμιστοκλέος
374 3215 450 3298 ἐῶν,
468 3215 575 3290 άλλως
594 3210 631 3278 δέ
645 3213 766 3278 οὔτῶν
781 3211 969 3297 ἐπιφανέων
983 3213 1127 3300 ἀνδρῶν,

123 3324 244 3409 φθόνῳ
267 3319 503 3407 καταμαργέων
526 3319 646 3384 ἐνείκεε
668 3319 727 3384 τὸν
751 3317 987 3404 Θεμιστοκλέα,
1011 3321 1071 3404 τήν
1094 3321 1129 3398 ἐς

123 3430 357 3512 Λακεδαίμονα
389 3426 499 3506 ἄπιξιν
526 3424 720 3513 προφέρων,
752 3426 795 3503 ὡς
809 3427 880 3492 ’διά
904 3427 961 3502 τάς
984 3420 1128 3510 Ἀθήνας

122 3537 193 3618 ἔχοι
221 3535 262 3598 τά
288 3532 385 3618 γέρεα
412 3535 452 3598 τὰ
478 3535 566 3619 παρὰ
591 3534 879 3616 Λακεδαιμονίων,
907 3529 978 3599 ἀλλ’
1010 3533 1051 3598 οὐ
1078 3527 1124 3597 δι’
