2640 3960
435 241 500 297 ιιΒ.
515 240 561 296 VL
598 241 675 298 οΑΡ.
696 249 817 299 ιε-ει.
1067 247 1130 311 105

204 381 326 468 ’Ἁργυς
349 379 385 450 δὲ
409 384 542 470 ἀνδρῶν
570 385 723 470 ἐχηρώθη
748 387 834 452 οὕτω
857 389 940 454 ὥστε
959 389 995 455 οί
1014 391 1129 456 δοῦλοι
1148 409 1182 458 83

123 488 237 554 αὐτῶν
274 493 371 574 ἔσχον
407 491 514 556 πάντα
545 493 586 580 τά
617 495 790 576 πρήγματα
819 494 974 578 ἀρχοντές
1005 519 1040 560 τε
1075 493 1130 560 καὶ

8 623 9 630 ¹
124 592 308 678 διέποντες,
333 595 366 673 ές
391 595 409 662 ὁ
432 597 601 682 ἐπήβησαν
625 598 660 664 οί
679 609 746 664 τῶν
769 598 984 682 ἀπολομένων
1006 603 1129 678 παῖδες.

124 701 235 766 ἔπειτά
258 718 361 786 σφεας
384 696 478 768 οὗτοι
500 701 725 787 ἀνακτώμενοι
747 703 851 770 ὀπίσω
875 704 909 781 ἐς
931 703 1074 782 ἑωυτοὺς
1091 708 1128 772 τὸ

124 804 246 892 ’Ἁργος
264 805 433 891 ἐξέβαλον·
452 806 673 893 ἐξωθεύμενοι
692 805 728 876 δὲ
746 811 782 874 οί
799 810 915 876 δοῦλοι
932 811 1017 896 μάχη
1032 815 1129 896 ἔσχον

129 914 289 997 Τίρυνθα.
335 912 415 990 τέως
441 909 502 998 μὲν
530 915 571 998 δή
593 930 656 999 σφι
682 909 725 998 ήν
746 917 874 1001 ἄρθμια
902 916 935 994 ἐς
957 916 1128 1001 ἀλλήλους,

124 1019 235 1083 ἔπειτα
262 1014 299 1086 δὲ
326 1018 360 1096 ἐς
386 1021 464 1096 τοὺς
491 1021 633 1097 δούλους
655 1015 739 1104 ἦλθε
762 1021 846 1107 ἀνήρ
870 1021 984 1106 μάντις
1006 1022 1130 1088 Κλέαν-

124 1125 215 1208 δρος,
241 1122 339 1207 γένος
362 1125 425 1192 ἐὼν
451 1128 614 1209 Φιγαλεὺς
636 1123 690 1191 ἀπ’
715 1120 900 1211 Ἀρκαδίης·
932 1123 1029 1205 οὗτος
1051 1131 1129 1204 τοὺς

124 1231 268 1307 δούλους
290 1229 456 1315 ἀνέγνωσε
475 1230 654 1298 ἐπιθέσθαι
671 1243 758 1298 τοῖσι
777 1235 963 1319 δεσπότῃσι.
1001 1234 1036 1300 ἐκ
1052 1235 1128 1299 τού·
1152 1225 1156 1238 ’

125 1358 184 1400 του
214 1337 255 1420 δή
277 1339 418 1422 πόλεμός
444 1356 505 1422 σφι
532 1333 574 1421 ήν
601 1336 654 1404 ἐπὶ
675 1341 799 1424 χρόνον
822 1342 961 1424 συχνόν,
989 1339 1022 1416 ἐς
1044 1339 1063 1406 ὁ
1086 1341 1127 1423 δή

123 1443 220 1526 μόγις
243 1442 278 1508 οί
294 1440 435 1529 Ἀργεῖοι
458 1443 688 1530 ἐπεκράτησαν.

210 1543 351 1633 Ἀργεῖοι
380 1549 440 1634 μέν
463 1573 527 1616 νυν
555 1551 610 1616 διά
632 1559 734 1616 ταῦτα
757 1551 944 1636 Κλεομένεά
966 1568 1049 1636 φασι
1071 1576 1128 1636 μα·
1146 1571 1181 1620 84

123 1651 223 1720 νέντα
247 1654 430 1721 ἀπολέσθαι
452 1667 568 1738 κακῶς,
592 1649 690 1722 αὐτοί
709 1653 746 1722 δὲ
764 1661 973 1742 Σπαρτιήταί
992 1673 1074 1741 φασι
1092 1657 1127 1723 ἐκ

124 1761 301 1846 δαιμονίου
328 1757 389 1846 μὲν
416 1761 554 1838 οὐδενὸς
576 1771 720 1846 μανῆναι
742 1762 944 1847 Κλεομένεα,
972 1764 1128 1848 Σκύθησι

124 1862 161 1932 δὲ
179 1865 382 1950 ὁμιλήσαντά
401 1891 458 1951 μιν
477 1867 705 1952 ἀκρητοπότην
719 1866 876 1951 γενέσθαι
889 1866 945 1933 καὶ
959 1868 994 1934 ἐκ
1007 1870 1127 1933 τούτου

123 1982 276 2056 μανήναι.
320 1975 459 2050 Σκύθας
481 1976 544 2059 γάρ
566 1975 645 2050 τοὺς
667 1973 824 2058 νομάδας,
848 1973 951 2040 ἐπείτε
974 1990 1035 2057 σφι
1057 1979 1127 2038 Δα-

123 2089 215 2164 ρεῖον
245 2079 396 2163 ἐσβαλεῖν
424 2079 456 2156 ές
482 2080 543 2162 τήν
570 2080 696 2165 χώρην,
724 2080 804 2163 μετά
825 2087 927 2144 ταῦτα
949 2077 1128 2163 μεμονέναι

122 2209 181 2270 μιν
203 2187 371 2267 τίσασθαι,
394 2183 584 2269 πέμψαντας
602 2181 640 2250 δὲ
658 2185 691 2261 ές
709 2184 868 2269 Σπάρτην
887 2188 1074 2269 συμμαχίην
1091 2208 1127 2251 τε

121 2289 296 2356 ποιέεσθαι
324 2288 380 2356 καὶ
407 2293 628 2356 συντίθεσθαι
655 2290 700 2366 ὡς
726 2291 824 2376 χρεὸν
849 2295 899 2373 εῖη
923 2291 1044 2368 αύτούς
1066 2289 1126 2376 μὲν

122 2399 202 2473 τοὺς
224 2397 363 2473 Σκύθας
384 2398 471 2482 παρὰ
492 2400 600 2462 Φᾶσιν
622 2398 770 2480 ποταμὸν
786 2405 904 2481 πειρᾶν
923 2396 956 2474 ἐς
972 2398 1033 2481 τήν
1050 2402 1126 2481 Μη-

123 2503 222 2586 δικήν
249 2502 434 2585 ἐσβάλλειν,
464 2501 567 2586 σφέας
590 2498 627 2568 δὲ
649 2504 728 2579 τοὺς
749 2505 958 2587 Σπαρτιήτας
979 2504 1126 2569 κελεύειν

122 2608 157 2687 ἐξ
172 2606 315 2693 Ἐφέσου
333 2606 546 2692 ὁρμωμένους
564 2607 757 2691 ἀναβαίνειν
775 2606 829 2673 καὶ
848 2611 957 2673 ἔπειτα
974 2608 1007 2684 ἐς
1019 2608 1124 2673 τώυτὸ

122 2715 281 2780 ἀπαντᾶν.
312 2713 500 2797 Κλεομένεα
520 2710 557 2779 δὲ
574 2712 708 2796 λέγουσι
720 2713 870 2797 ἡκόντων
882 2723 948 2777 τῶν
962 2712 1126 2778 Σκυθέων

123 2818 176 2886 ἐπὶ
198 2827 301 2885 ταῦτα
323 2817 467 2902 ὁμιλέειν
490 2835 551 2903 σφι
573 2822 725 2903 μεζόνως,
749 2818 923 2903 ὁμιλέοντα
945 2813 982 2882 δὸ
1000 2821 1125 2900 μᾶλλον

121 2935 184 2992 τοῦ
207 2923 399 3010 ἱκνεομένου
423 2931 544 3008 μαθεῖν
561 2925 622 3007 τήν
640 2925 884 3011 ἀκρητοποσίην
901 2916 978 3007 παρ’
1000 2921 1125 2986 αὐτῶν·

123 3033 159 3098 ἐκ
176 3032 298 3097 τούτου
317 3027 355 3098 δὸ
372 3032 519 3115 μανῆναί
533 3055 591 3114 μιν
608 3033 780 3114 νομίζουσι
798 3032 1010 3112 Σπαρτιῆται.
1043 3030 1078 3091 ἔκ
1091 3051 1126 3093 τε

122 3141 236 3220 τόσου,
260 3138 304 3213 ὡς
326 3133 421 3201 αὐτοὶ
443 3135 593 3218 λέγουσι,
616 3135 715 3200 ἐπεάν
738 3137 918 3219 ζωρότερον
941 3133 1127 3215 βούλωνται

121 3255 223 3327 πιεῖν,
244 3240 480 3308 Ἐπισκύθισον
503 3239 645 3324 λέγουσι.
686 3239 771 3306 οὕτω
796 3238 837 3321 δή
860 3241 1064 3323 Σπαρτιῆται
1086 3241 1126 3304 τά

122 3348 200 3436 περὶ
221 3345 410 3432 Κλεομένεα
432 3344 578 3429 λέγουσι·
610 3343 682 3430 ἐμοὶ
705 3340 742 3410 δὲ
765 3341 871 3410 δοκέει
893 3347 981 3410 τίσιν
1002 3345 1126 3428 ταύτην

123 3457 143 3522 ὁ
167 3452 357 3539 Κλεομένης
379 3454 566 3538 Δημαρήτῳ
590 3450 722 3517 ἐκτῖσαι.
