2678 3968
229 228 293 294 326
639 228 823 284 HERODOTI

229 371 402 454 ἐργάζοντο
434 369 470 438 δὲ
497 373 644 457 μεγάλως
669 374 955 458 καταρρωδηκότες
980 373 1058 446 τοῦς
1085 368 1225 453 Πέρσας.

194 496 210 543 9
229 476 320 553 τέλος
343 472 380 542 δὲ
401 487 459 562 τῆς
480 501 515 543 τε
537 477 728 562 ὑποκρίσιος
753 476 808 544 καὶ
833 477 949 556 ἐξόδου
970 487 1037 542 τῶν
1060 479 1227 558 Σπαρτιη·

228 579 311 647 τέων
329 580 458 664 ἐγένετο
476 586 597 668 τρόπος
609 585 754 649 τοιόσδε·
771 592 810 668 τῇ
827 585 1003 667 προτεραίῃ
1017 590 1074 664 τῆς
1087 579 1228 661 ὑστάτης

228 688 442 765 καταστάσιος
459 690 641 773 μελλούσης
658 691 794 754 ἔσεσθαι
812 692 930 764 Χίλεος
951 687 1035 770 ἀνὴρ
1057 688 1227 768 Τεγεήτης,

228 794 412 878 δυνάμενος
430 793 467 859 έν
474 797 697 877 Λακεδαίμονι
709 793 865 882 μέγιστον
876 789 1002 876 ξείνων,
1013 803 1081 856 τῶν
1095 791 1228 874 ἐφόρων

229 897 369 965 έπόθετο
400 899 506 964 πάντα
535 901 652 982 λόγον,
683 900 743 964 τὸν
775 899 816 981 δὴ
848 899 883 962 οί
904 895 1076 979 Ἀθηναῖοι
1103 899 1227 979 ἔλεγον.

229 1003 371 1081 ἀκούσας
394 1000 431 1069 δὲ
453 1004 471 1069 6
494 1007 611 1080 Χίλεος
633 1007 723 1086 ἔλεγε
744 1005 809 1088 ἀρα
831 1019 892 1087 σφι
914 1004 1005 1068 τάδε·
1032 1003 1127 1068 Οῦτω
1150 1004 1226 1086 ἔχει,

229 1110 348 1194 ἀνδρες
376 1111 506 1193 ἔφοροι·
532 1105 720 1192 Ἀθηναίων
746 1108 826 1193 ἡμῖν
848 1108 971 1174 ἐόντων
994 1109 1038 1192 μὴ
1061 1107 1226 1192 ἀρθμίων,

228 1221 273 1302 τῷ
302 1209 338 1278 δὲ
364 1213 518 1301 βαρβάρῳ
551 1215 748 1298 συμμάχων,
780 1217 895 1298 καίπερ
927 1216 1049 1298 τείχεος
1081 1215 1136 1278 διὰ
1166 1222 1227 1277 τοῦ

227 1313 362 1402 Ἰσθμοῦ
385 1318 586 1404 ἐληλαμένου
608 1327 779 1405 κρατεροῦ,
805 1319 941 1404 μεγάλαι
962 1319 1127 1396 κλισιάδες
1148 1319 1227 1384 ἀνα-

228 1423 402 1490 πεπτέαται
425 1425 458 1501 ἐς
479 1425 540 1508 τὴν
563 1427 823 1508 Πελοπόννησον
844 1433 889 1513 τῷ
914 1424 1036 1511 Πέρση.
1079 1419 1150 1490 ἀλλ’
1176 1424 1227 1490 έ-

230 1531 400 1615 ακοόσατε,
417 1535 495 1616 πρίν
509 1555 540 1594 τι
554 1532 634 1595 ἀλλο
645 1525 851 1614 Ἀθηναίοιστ
865 1529 957 1608 δόξαι
976 1531 1108 1615 σφάλμα
1123 1530 1227 1616 φέρον

182 1658 212 1706 ιο
231 1646 270 1722 τῇ
284 1632 425 1702 Ἑλλάδι.
461 1637 480 1702 6
498 1636 558 1721 μέν
573 1652 633 1721 σφι
650 1645 752 1701 ταῦτα
766 1637 1000 1719 συνεβούλευε·
1024 1637 1059 1702 οί
1074 1633 1111 1702 δὲ
1129 1635 1227 1721 φρενὶ
1310 1707 1311 1714 ,

230 1745 386 1827 λαβόντες
414 1744 473 1809 τὸν
504 1745 605 1826 λόγου
637 1741 769 1825 αὐτίκα,
801 1743 986 1827 φράσαντες
1015 1739 1115 1808 οὐδὲν
1141 1755 1228 1808 τοῖσι
1310 1801 1311 1836 ,

231 1847 397 1932 ἀγγέλοισι
422 1859 508 1913 τοῖσι
535 1846 743 1933 ἀπιγμένοισι
765 1847 828 1913 ἀπὸ
851 1859 918 1912 τῶν
940 1851 1080 1932 πολίων,
1107 1851 1227 1925 νυκτὸς

231 1957 278 2020 ἔτι
301 1954 499 2038 ἐκπέμπουσι
520 1957 802 2038 πεντακισχιλίους
820 1953 1055 2038 Σπαρτιητέων
1076 1951 1131 2018 καί
1150 1952 1229 2019 ἑπτὰ

230 2057 305 2146 περὶ
336 2059 473 2125 ἕκαστον
503 2059 656 2138 τάξαντες
686 2069 753 2124 τῶν
784 2060 942 2143 εἱλώτων,
975 2063 1151 2145 Παυσανίη
1183 2069 1227 2148 τῷ
1309 2063 1310 2084 ³

231 2168 465 2250 Κλεομβρότου
493 2164 723 2250 ἐπιτρέψαντες
749 2163 884 2247 ἐξάγειν.
930 2163 1055 2248 ἐγίνετο
1080 2163 1142 2250 μέν
1164 2190 1229 2231 νυν

231 2269 252 2352 ἡ
279 2269 435 2354 ἡγεμονίη
464 2270 691 2354 Πλειστάρχου
717 2279 777 2335 τοῦ
800 2271 989 2337 Λεωνίδεω·
1021 2267 1092 2335 ἀλλ’
1123 2270 1141 2337 6
1168 2269 1229 2356 μὲν

231 2369 274 2457 ἦν
301 2377 348 2438 ἔτι
370 2385 459 2457 παῖς,
489 2375 507 2440 6
536 2371 572 2440 δὲ
598 2376 718 2440 τούτου
747 2375 918 2461 ἐπίτροπός
944 2398 979 2440 τε
1005 2373 1060 2440 καὶ
1086 2375 1229 2455 ἀνεψιός.

232 2482 461 2564 Κλεόμβροτος
486 2480 549 2564 γάρ
577 2480 595 2545 6
619 2483 816 2545 Παυσανίεω
844 2476 904 2564 μὲν
931 2483 1051 2566 πατήρ,
1076 2478 1230 2560 Ἀναξαν-

234 2586 353 2670 δρίδεω
377 2581 414 2650 δὲ
436 2594 512 2661 παῖς
534 2584 642 2650 οὐκέτι
664 2594 791 2669 περιῆν,
815 2583 886 2650 ἀλλ’
912 2586 1091 2670 ἀπαγαγὼν
1114 2587 1149 2652 έκ
1170 2597 1231 2654 τοῦ

231 2687 368 2775 Ἰσθμοῦ
399 2692 460 2774 τὴν
489 2692 644 2774 στρατιὴν
675 2692 736 2775 τὴν
767 2692 804 2756 τὸ
831 2703 936 2777 τεῖχος
964 2695 1122 2777 δείμασαν
1152 2696 1232 2777 μετὰ

233 2807 334 2863 ταῦτα
361 2797 402 2863 οὐ
424 2800 547 2862 πολλόν
569 2821 643 2862 τινα
665 2799 789 2882 χρόνον
810 2800 906 2882 βιοὺς
928 2797 1083 2864 ἀπέθανε.
1128 2799 1232 2883 ἀπῆγε

235 2901 271 2970 δὲ
300 2904 361 2987 την
388 2903 542 2988 στρατιὴν
569 2903 586 2968 6
610 2905 840 2987 Κλεόμβροτος
866 2903 901 2968 έκ
927 2913 987 2968 τοῦ
1010 2901 1149 2988 Ἰσθμοῦ
1177 2907 1230 2970 διὰ
1307 2979 1308 2995 ¹

234 3011 323 3075 τόδε·
353 3008 509 3096 θυομένῳ
537 3009 572 3074 oc
596 3005 648 3074 ἐπὶ
675 3017 719 3097 τῷ
743 3007 856 3094 Πέρση
884 3008 902 3074 6
928 3010 1020 3092 ἥλιος
1046 3009 1232 3096 ἀμαυρώθη

235 3117 272 3181 ἐν
302 3124 347 3204 τῷ
380 3116 520 3203 οὐρανῷ.
569 3113 797 3199 προσαιρέεται
829 3112 866 3179 66
897 3113 1007 3203 ἑωυτῷ
1037 3121 1234 3199 Παυσανίης

235 3220 452 3305 Εὐρυάνακτα
483 3222 541 3286 τὸν
568 3220 733 3306 Δωριέος,
771 3221 876 3304 ἀνδρα
912 3222 1017 3304 οἰκίης
1047 3219 1145 3288 έόντα
1175 3233 1234 3306 τῆς
1306 3257 1307 3292 ι

237 3326 343 3409 αὐτῆς.
390 3328 424 3391 οί
452 3323 512 3410 μὲν
540 3327 581 3410 δὴ
609 3329 672 3391 σὺν
700 3329 874 3412 Παυσανίη
903 3325 1144 3409 ἐξεληλύθεσαν
1171 3328 1232 3408 ἔξω

186 3449 216 3498 11
238 3431 404 3514 Σπάρτης·
436 3433 471 3496 oc
494 3429 532 3498 δὲ
558 3433 704 3516 ἀγγελοι,
737 3432 781 3509 ὡς
806 3430 908 3514 ἡμέρη
940 3431 1103 3516 ἐγεγόνεε,
1131 3433 1234 3502 οὐδὲν
1305 3475 1306 3478 ¹
