2678 3968
207 231 272 298 306
619 231 805 290 HERODOTI

207 374 343 459 ἀγρίων,
361 372 416 440 καὶ
434 378 565 442 ἔλειπον
579 375 693 443 οὐδέν·
711 386 813 443 ταῦτα
828 369 859 442 δ’
877 375 1006 442 ἐποίεον
1020 374 1084 440 ὑπὸ
1098 379 1209 459 λιμοῦ.

207 479 372 564 ἐπιλαβὼν
402 477 438 546 δὲ
467 485 582 566 λοιμός
610 505 645 548 τε
671 484 731 550 τὸν
760 483 901 568 στρατὸν
932 479 987 546 καὶ
1014 482 1208 564 δυσεντερίη
1318 497 1319 530 ι

206 581 276 649 κατ’
304 585 385 650 ὁδὸν
412 585 593 674 διέφθειρε.
638 590 717 666 τοὺς
749 585 786 655 δὲ
812 587 867 653 καλ
893 586 1071 663 νοσέοντας
1097 586 1209 651 αὐτῶν

207 688 385 775 κατέλειπε,
403 690 587 760 ἐπιτάσσων
605 703 679 779 τήσι
696 696 819 776 πόλισι,
838 694 893 760 ἵνα
912 691 1062 759 ἑκάστοτε
1080 695 1208 776 γίνοιτο

208 794 372 878 ἐλαύνων,
394 799 601 880 μελεδαίνειν
622 821 658 864 τε
680 797 735 864 καὶ
756 791 904 884 τρέφειν,
925 799 962 864 έν
986 801 1150 883 Θεσσαλίη
1172 797 1211 862 τέ

206 923 299 979 τινας
328 901 384 968 καλ
413 903 450 969 έν
480 908 559 990 Σίρι
589 914 647 990 τής
674 909 837 988 Παιονίης
863 902 918 970 καὶ
944 903 981 970 ἐν
1002 905 1209 989 Μακεδονίῃ.

207 1009 292 1073 ἔνθα
318 1007 432 1074 καὶτὸ
456 1011 530 1096 ἱρὸν
552 1011 639 1096 άρμα
662 1012 850 1076 καταλιπὼν
872 1019 933 1076 τοῦ
954 1013 1052 1093 Διός,
1079 1011 1134 1076 ὅτε
1155 1007 1209 1076 έπὶ

206 1114 267 1196 τήν
286 1108 426 1179 Ἑλλάδα
448 1116 581 1199 ήλαυνε,
605 1116 712 1182 ἀπιὼν
735 1117 796 1182 οὐκ
819 1115 969 1200 ἀπέλαβε,
993 1117 1075 1182 ἀλλὰ
1093 1117 1210 1192 δόντες

208 1218 243 1282 οί
263 1222 407 1298 Παίονες
433 1232 520 1287 τοῖσι
548 1221 664 1307 Θρήιξι
691 1220 903 1299 ἀπαιτέοντος
924 1221 1051 1308 Ξέρξεω
1079 1225 1209 1306 ἔφασαν

206 1323 389 1408 νεμομένας
420 1325 634 1412 ἁρπασθῆναι
665 1328 729 1393 ὑπὸ
761 1339 828 1394 τῶν
859 1329 928 1394 ἀνω
956 1319 1110 1414 Θρηίκων
1139 1336 1210 1392 τῶν

155 1449 205 1499 116
215 1428 290 1514 περί
312 1433 370 1508 τάς
391 1433 497 1516 πηγάς
518 1442 579 1498 τοῦ
596 1436 791 1518 Στρυμόνος
818 1433 1010 1518 οἰκημένων.
1047 1436 1131 1499 ἔνθα
1152 1429 1210 1497 καὶ

208 1535 226 1600 ὁ
254 1546 322 1600 τῶν
350 1537 538 1603 Βισαλτέων
565 1541 720 1623 βασιλεὺς
745 1549 805 1623 γῆς
830 1563 866 1604 τε
891 1547 950 1622 τής
972 1542 1210 1623 Κρηστωνικῆς

208 1641 309 1727 Θρῆιξ
337 1644 436 1728 ἔργον
463 1641 630 1728 ὑπερφυὲς
656 1645 829 1730 ἐργάσατο·
862 1645 898 1722 ὃς
925 1645 1001 1710 ούτε
1023 1645 1122 1720 αὐτὸς
1143 1645 1208 1726 ἔφη

206 1755 252 1835 τῷ
275 1747 380 1834 Ξέρξη
403 1747 487 1814 ἑκὼν
510 1745 596 1814 εἶναι
619 1751 827 1835 δουλεύσειν,
856 1748 926 1816 ἀλλ’
953 1757 1059 1836 οίχετο
1082 1751 1152 1815 άνω
1175 1747 1210 1825 ἐς

206 1855 244 1919 τὸ
272 1855 350 1940 όρος
375 1856 436 1938 τήν
460 1851 636 1939 Ῥοδόπην,
662 1860 752 1922 τοῖσί
770 1880 805 1923 τε
832 1855 925 1922 παισὶ
952 1857 1136 1941 ἀπηγόρευε
1162 1855 1208 1938 μή

207 1961 445 2044 στρατεύεσθαι
468 1959 521 2027 έπλ
542 1963 604 2045 τήν
622 1957 770 2028 Ἑλλάδα.
816 1963 851 2028 οί
871 1959 908 2027 δέ
931 1962 1160 2046 ἀλογήσαντες,
1185 1959 1208 2044 ἢ

206 2067 314 2144 άλλως
344 2082 406 2151 σφι
440 2069 550 2152 θυμὸς
581 2065 710 2151 ἐγένετο
741 2070 933 2153 θεήσασθαι
963 2069 1023 2134 τὸν
1051 2070 1208 2151 πόλεμον,

207 2171 441 2257 ἐστρατεύοντο
478 2175 544 2258 ἅμα
576 2181 622 2262 τῷ
650 2173 774 2260 Πέρση.
824 2171 893 2239 ἐπεὶ
925 2171 963 2239 δέ
994 2173 1209 2259 ἀνεχώρησαν

207 2277 334 2354 ἀσινέες
351 2279 470 2357 πάντες
492 2281 525 2358 ἓξ
545 2279 662 2364 έόντες,
682 2278 821 2365 ἐξώρυξε
836 2276 950 2350 αὐτῶν
970 2279 988 2346 δ
1006 2281 1112 2364 πατήρ
1130 2282 1210 2356 τοὺς

157 2401 205 2452 117
217 2382 414 2468 ὀφθαλμοὺς
445 2385 500 2448 διδ
530 2386 592 2468 τήν
623 2387 732 2468 αἰτίην
758 2386 889 2470 ταύτην.
937 2383 993 2452 καλ
1025 2381 1119 2451 οὗτοι
1147 2381 1209 2470 μέν

207 2497 327 2554 τοῦτον
353 2489 413 2554 τὸν
440 2490 564 2573 μισθὸν
594 2493 727 2574 ἔλαβον·
760 2492 795 2555 ολ
816 2488 853 2556 δὲ
876 2490 1004 2577 Πέρσαι
1027 2492 1072 2569 ὡς
1094 2490 1130 2556 έκ
1151 2499 1209 2574 τῆς

208 2598 352 2680 Θρηίκης
373 2597 593 2680 πορευόμενοι
614 2595 769 2660 ἀπίκοντο
793 2595 845 2662 ἐπὶ
867 2599 926 2664 τὸν
943 2600 1060 2683 πόρον,
1084 2597 1209 2680 ἐπειγό-

207 2723 302 2786 μενοι
315 2701 374 2767 τὸν
380 2697 623 2784 Ἑλλήσποντον
632 2709 706 2786 τήσι
719 2700 820 2786 νηυσὶ
833 2701 992 2786 διέβησαν
1006 2703 1039 2780 ἐς
1047 2701 1210 2787 Ἄβυδον·

207 2809 265 2884 τάς
290 2809 353 2893 γάρ
381 2809 513 2893 σχεδίας
541 2807 602 2873 οὐκ
624 2803 724 2893 εὗρον
747 2810 794 2872 ἐτι
817 2807 1029 2893 ἐντεταμένας
1052 2804 1122 2874 ἀλλ’
1142 2809 1210 2874 ὑπὸ

208 2925 368 3000 χειμῶνος
391 2913 634 2998 διαλελυμένας.
672 2913 820 2979 ἐνθαῦτα
838 2911 875 2980 δὲ
892 2918 1104 3000 κατεχόμενοι
1121 2917 1211 2980 σιτία
1318 2957 1319 2960 =

208 3044 243 3086 τε
273 3018 360 3086 πλέω
392 3020 413 3105 ή
440 3017 511 3086 κατ’
531 3019 624 3086 δδδν
651 3017 847 3104 ἐλάγχανον,
874 3019 997 3086 οὐδένα
1021 3043 1057 3086 τε
1083 3023 1212 3104 κόσμον

208 3126 445 3212 ἐμπιπλάμενοι
463 3124 518 3192 καὶ
534 3126 640 3191 ὕδατα
654 3125 910 3210 μεταβάλλοντες
923 3125 1136 3210 ἀπέθνησκον
1148 3135 1213 3192 τοῦ

208 3241 351 3316 στρατοῦ
368 3242 428 3297 τοῦ
441 3235 630 3317 περιεόντος
643 3234 768 3297 πολλοί.
805 3233 840 3297 οί
851 3229 888 3298 δὲ
901 3231 1011 3298 λοιποὶ
1024 3233 1091 3317 ἅμα
1104 3231 1211 3318 Ξέρξη

157 3353 207 3401 118
218 3333 429 3401 ἀπικνέονται
452 3337 486 3414 ές
507 3338 643 3422 Σάρδις.
684 3341 752 3402 ἔστι
776 3334 813 3402 δὲ
835 3335 890 3402 καὶ
912 3339 1010 3416 ἄλλος
1032 3339 1089 3405 όδε
1111 3341 1214 3422 λόγος
1318 3375 1319 3388 ÷

208 3441 400 3522 λεγόμενος,
422 3441 467 3517 ὡς
490 3441 601 3524 έπειδή
625 3441 747 3528 Ξέρξης
769 3442 964 3509 ἀπελαύνων
986 3442 1019 3522 έξ
1039 3441 1213 3523 Ἀθηνέων
