2640 3960
436 210 501 265 ΗΒ.
518 211 564 268 vl.
602 211 678 268 cAP.
699 219 818 269 12-16.
1086 216 1128 279 73

119 357 287 439 τύραννος
314 353 351 420 δὲ
378 355 441 420 ἐὼν
469 356 587 440 Σάμου
615 355 679 420 ὑπὸ
708 366 768 422 τοῦ
790 362 962 441 Μιλησίου
982 354 1127 442 Ἀριστα-

119 465 227 546 γόρεω
253 460 452 546 ἀπεστέρητο
480 463 541 544 τὴν
569 460 674 545 ἀρχὴν
701 464 783 528 κατά
805 485 866 548 περ
894 465 930 529 οἰ
949 467 1044 532 ἀλλοι
1070 477 1128 550 τῆς

118 563 246 650 Ἰωνίης
268 567 435 650 τύραννοι.
472 570 545 634 τότε
569 563 616 632 ὧν
639 565 709 632 έπεί
732 567 891 634 ἐπέπλεον
911 571 946 634 οἰ
964 576 1127 654 Φοίνικες,
1148 588 1182 638 14

121 675 156 739 οἱ
167 673 282 750 Ἴωνες
304 673 492 756 ἀντανῆγον
510 671 565 738 καὶ
584 672 679 738 αὐτοὶ
697 674 755 751 τὰς
773 673 850 752 νέας
869 673 922 742 έπί
940 675 1046 760 κέρας.
1083 679 1128 754 ὡς

121 777 158 844 δὲ
185 777 240 844 καὶ
269 778 373 863 ἀγχοῦ
400 779 551 861 ἐγίνοντο
573 777 628 844 καλ
652 777 853 863 συνέμισγον
875 781 1062 865 ἀλλήλοισι,
1089 786 1127 848 τὸ

14 933 15 936 ,
121 884 279 950 ἐνθεῦτεν
307 885 368 952 οὐκ
395 886 458 968 έχω
486 883 646 968 ἀτρεκέως
673 886 863 970 συγγράψαι
890 887 926 952 οἵ
951 911 1039 965 τινες
1060 900 1127 954 τῶν

117 990 241 1056 Ἰώνων
264 990 414 1072 ἐγίνοντο
438 991 559 1076 ἀνδρες
581 989 675 1056 κακοί
698 990 719 1074 ἀλ
742 990 867 1074 ἀγαθολ
890 991 927 1058 έν
944 1002 984 1078 τη
1002 1017 1128 1077 ναυμα-

13 1151 14 1170 ,
119 1100 174 1182 χίη
201 1096 318 1181 ταύτῃ·
349 1096 512 1178 ἀλλήλους
537 1097 600 1181 γάρ
628 1108 866 1162 καταιτιῶνται.
912 1097 1064 1180 λέγονται
1091 1097 1129 1164 δὲ

120 1203 245 1286 Σάμιοι
267 1201 414 1269 ἐνθαῦτα
435 1203 517 1266 κατὰ
538 1203 579 1268 τά
601 1205 798 1287 συγκείμενα
821 1205 903 1289 πρὸς
925 1206 985 1270 τὸν
1003 1205 1128 1270 Αἰάκεα
1185 1215 1187 1219 ’

119 1308 309 1391 ἀειράμενοι
335 1309 376 1372 τὰ
404 1309 490 1374 ίστία
516 1307 708 1374 ἀποπλῶσαι
735 1308 772 1374 έιι
798 1319 856 1392 τῆς
882 1308 990 1388 τάξιος
1013 1310 1046 1388 ές
1068 1313 1129 1394 την

119 1415 252 1498 Σάμον,
279 1415 367 1496 πλὴν
390 1412 507 1480 ἕνδεκα
529 1425 625 1480 νεῶν.
669 1415 798 1480 τούτων
821 1412 858 1478 δέ
882 1416 918 1480 οί
937 1419 1129 1502 τριήραρχοι

119 1519 307 1606 παρέμενον
323 1518 379 1584 καὶ
392 1519 596 1603 ἐναυμάχεον
615 1519 919 1603 ἀνηκουστήσαντες
932 1533 1019 1588 τοῖσι
1032 1539 1128 1607 στρα-

119 1636 264 1710 τηγοῖσι·
286 1628 345 1690 καί
360 1641 420 1708 σφι
438 1627 475 1690 τὸ
494 1627 608 1691 κοινὸν
627 1628 664 1690 τὸ
679 1629 819 1709 Σαμίων
837 1628 938 1692 ἔδωκε
957 1628 1012 1692 διά
1030 1637 1128 1694 τοῦτο

120 1735 157 1797 τὺ
175 1740 309 1814 πρῆγμα
327 1730 365 1796 έν
382 1734 484 1816 στήλη
499 1731 732 1815 ἀναγραφῆναι
745 1734 915 1816 πατρόθεν
929 1732 973 1810 ὡς
987 1733 1129 1817 ἀνδράσι

120 1838 279 1920 ἀγαθοῖσι
305 1837 529 1920 γενομένοισι,
556 1836 613 1902 καὶ
639 1839 709 1902 έστι
737 1837 819 1919 αὕτη
846 1836 867 1919 ἡ
895 1841 996 1920 στήλη
1025 1837 1062 1904 έν
1088 1848 1129 1923 τῇ

121 1944 234 2028 ἀγορῇ.
281 1943 429 2026 ἰδόμενοι
452 1939 489 2008 δὲ
511 1940 567 2008 καί
585 1941 724 2025 Λέσβιοι
746 1945 825 2018 τοὺς
847 1943 1025 2026 προσεχέας
1048 1945 1128 2026 φεύ·

120 2071 241 2133 γοντας
266 2048 372 2114 τώυτὸ
400 2048 533 2114 ἐποίευν
566 2042 653 2114 τοῖσι
675 2051 850 2131 Σαμίοισι·
888 2047 932 2124 ὣς
959 2045 996 2114 δὲ
1018 2048 1074 2114 καί
1097 2049 1132 2114 οἰ

120 2161 259 2232 πλεῦνες
285 2165 352 2218 τῶν
375 2148 498 2220 Ἰώνων
522 2153 656 2220 ἐποίευν
678 2155 718 2218 τὰ
741 2154 824 2218 αὐτὰ
846 2161 957 2218 ταῦτα.
1001 2165 1068 2218 τῶν
1092 2152 1128 2220 δέ
1148 2172 1182 2222 15

120 2260 393 2345 παραμεινάντων
425 2260 461 2325 έν
493 2267 532 2344 τῇ
559 2263 724 2344 ναυμαχίη
752 2257 983 2343 περιέφθησαν
1009 2261 1128 2345 τρηχύ-

119 2389 201 2432 τατα
223 2370 300 2432 Χίοι
321 2366 367 2442 ὡς
389 2365 669 2450 ἀποδεικνύμενοί
688 2388 723 2432 τε
746 2369 826 2449 ἔργα
844 2367 976 2450 λαμπρά
994 2364 1049 2430 καί
1067 2367 1129 2431 οὐκ

120 2470 405 2548 ἐθελοκακέοντες·
437 2475 473 2538 οἳ
497 2475 693 2556 παρείχοντο
725 2470 801 2556 μέν,
834 2472 943 2556 ὥσπερ
970 2469 1026 2536 καλ
1048 2475 1128 2555 πρό-

119 2601 218 2662 τερον
248 2576 380 2662 εἰρέθη,
408 2576 486 2654 νέας
516 2576 632 2642 έιωιτὸν
662 2575 718 2642 καὶ
749 2572 799 2643 ἐπ’
834 2577 970 2660 ἑκάστης
1001 2575 1128 2642 αὐτέων

120 2685 247 2769 ἀνδρας
270 2682 508 2769 τεσσεράκοντα
530 2694 597 2748 τῶν
619 2683 729 2748 ἀστῶν
752 2684 895 2765 λογάδας
918 2681 1128 2763 ἐπιβατεύον-

120 2809 205 2866 τας·
222 2788 367 2873 ὁρῶντες
398 2785 435 2854 δὲ
466 2791 545 2866 τοὺς
576 2791 720 2866 πολλοὺς
746 2800 814 2854 τῶν
841 2787 1021 2871 συμμάχων
1048 2805 1128 2868 προ-

120 2895 277 2971 διδόντας
304 2895 366 2962 οάκ
387 2894 553 2961 ἐδικαίευν
576 2897 733 2977 γίνεσθαι
755 2905 843 2959 τοῖσι
865 2901 995 2956 κακοῖσι
1018 2889 1129 2954 αὐτῶν

120 3002 243 3084 ὅμοιοι,
261 3000 345 3066 ἀλλά
357 2998 429 3084 μετ’
447 3001 570 3082 ὀλίγων
584 3000 765 3084 συμμάχων
779 2993 1029 3083 μεμουνωμένοι
1043 2995 1127 3060 διεκ-

119 3103 276 3182 πλέοντες
298 3106 514 3190 ἐναυμάχεον,
538 3105 572 3182 ές
595 3105 613 3170 ὃ
636 3117 703 3170 τῶν
720 3106 886 3187 πολεμίων
905 3100 1035 3177 ἑλόντες
1052 3099 1129 3178 νέας

118 3214 245 3297 συχνάς
273 3210 438 3294 ἀπέβαλον
464 3222 532 3276 τῶν
561 3209 732 3294 σφετέρων
761 3211 873 3290 [νεῶν]
897 3207 955 3282 τάς
977 3211 1128 3284 πλεῦνας.

120 3323 198 3384 Χῖοι
223 3314 284 3401 μὲν
312 3318 354 3400 δὴ
376 3327 451 3402 τῇσι
478 3321 612 3401 λοιπῇσι
638 3327 705 3380 τῶν
732 3326 818 3380 νεῶν
846 3313 1073 3397 ἀποφεύγουσι
1096 3312 1129 3390 ές

118 3425 181 3507 τὴν
210 3423 359 3506 ἑωυτῶν,
386 3424 495 3488 όσοισι
523 3418 559 3488 δὲ
585 3431 652 3486 τῶν
675 3423 768 3486 Χίων
795 3419 954 3486 ἀδύνατοι
981 3415 1066 3499 ἦσαν
1093 3418 1132 3483 αἰ
1150 3434 1181 3482 16
