2678 3968
206 310 272 374 294
613 305 802 361 HERODOTI

206 453 309 537 ἀγχοῦ
326 449 483 535 γενέσθαι
501 462 568 516 τῶν
586 461 683 533 νεῶν,
702 453 780 526 τοὺς
794 449 857 514 ἀπὸ
871 457 931 514 τοῦ
945 447 1078 532 κέλητος
1096 447 1206 531 λέγειν

205 557 296 621 τάδε·
313 551 510 643 Ἀδείμαντε,
529 559 572 621 σὺ
589 553 650 640 μὲν
667 555 875 640 ἀποστρέψας
887 556 944 631 τάς
957 554 1033 631 νέας
1046 554 1080 631 ές
1092 555 1205 638 φνγῆν
1318 591 1319 608 ι

205 663 347 745 ὅρμησαι
377 662 606 745 καταπροδοὺς
636 664 714 738 τοὺς
742 659 917 743 Ἕλληνας·
950 661 984 724 ολ
1014 657 1050 724 δὲ
1081 657 1136 724 καὶ
1163 661 1203 742 δὴ

206 777 321 831 νικῶσι
348 767 429 832 ὅσον
456 762 550 830 αὐτοὶ
577 765 706 849 ἠρῶντο
735 765 946 851 ἐπικρατῆσαι
973 775 1040 828 τῶν
1065 763 1204 848 ἐχθρῶν.

204 880 305 936 ταῦτα
327 874 492 955 λεγόντων
515 869 681 936 ἀπιστέειν
703 873 766 956 γάρ
789 872 848 935 τὸν
868 867 1089 954 Ἀδείμαντον,
1113 863 1205 944 αὖτις
1318 957 1319 960 ¹

204 978 283 1042 τάδε
309 976 434 1060 λέγειν,
462 976 506 1052 ὡς
533 967 725 1040 αὐτοὶόἷοί
747 999 783 1041 τε
810 971 877 1042 εἶεν
903 975 1060 1060 ἀγόμενοι
1087 975 1204 1059 ὅμηροι

205 1082 441 1166 ἀποθνήσκειν,
465 1081 507 1165 ἣν
530 1083 573 1166 μῆ
596 1093 752 1159 νικῶντες
775 1085 960 1166 φαίνωνται
984 1083 1018 1146 οί
1038 1079 1203 1163 Ἕλληνες.

205 1187 291 1252 οὕτω
325 1189 365 1271 δῆ
398 1187 649 1272 ἀποστρέψαντα
675 1189 736 1270 τὴν
763 1186 823 1253 νέα
852 1187 953 1252 αὐτόν
979 1209 1014 1252 τε
1044 1183 1099 1250 καὶ
1127 1187 1205 1262 τοὺς

204 1293 324 1368 ἀλλους
351 1290 400 1358 ἐπ’
432 1292 697 1379 ἐξεργασμένοισι
721 1293 833 1358 έλθείν
856 1293 889 1370 ἐς
911 1294 948 1358 τὸ
972 1292 1203 1377 στρατόπεδον.

203 1398 342 1476 τούτους
371 1395 432 1482 μὲν
461 1399 595 1482 τοιαύτη
628 1399 725 1482 ῳάτις
751 1402 817 1484 ἔχει
844 1399 908 1464 ὑπὸ
931 1396 1134 1480 Ἀθηναίων,
1163 1396 1204 1459 ού

204 1503 318 1588 μέντοι
340 1504 438 1569 αύτοί
452 1527 489 1588 γε
507 1507 688 1588 ,Κορίνθιοι
710 1503 938 1589 ὁμολογέουσι,
961 1500 1032 1568 ἀλλ’
1059 1501 1096 1567 έν
1117 1502 1204 1585 πρώ-

204 1625 290 1674 τοισι
313 1608 416 1694 σφέας
434 1608 554 1685 αὐτοὺς
572 1619 628 1692 τῆς
646 1614 828 1694 ναυμαχίης
846 1613 1016 1694 νομίζουσι
1034 1607 1203 1692 γενέσθαι·

153 1737 186 1786 95
205 1725 365 1802 μαρτυρεῖ
386 1713 425 1779 δέ
445 1731 507 1799 σφι
528 1712 583 1778 καὶ
605 1715 625 1798 ἡ
649 1717 730 1798 ἀλλη
749 1713 872 1792 Ἑλλάς.
905 1712 1105 1798 Ἀριστείδης
1129 1709 1202 1778 δὲδ

204 1821 398 1906 Λυσιμάχου
418 1820 501 1907 ἀνὴρ
516 1817 703 1904 Ἀθηναῖος,
724 1830 784 1886 τοῦ
802 1819 857 1885 καὶ
875 1820 974 1908 ὀλίγῳ
992 1843 1025 1884 τι
1042 1822 1203 1903 πρότερον

204 1928 332 1992 τούτων
355 1926 567 2011 ἐπεμνήσθην
589 1927 634 2002 ὡς
656 1927 778 2014 ἀνδρὸς
800 1927 951 2011 ἀρίστου,
980 1920 1077 2002 οὗτος
1099 1925 1135 1990 έν
1157 1933 1202 2012 τῳ

203 2033 342 2119 θορύβῳ
356 2034 462 2120 τούτῳ
476 2039 521 2120 τῳ
536 2030 610 2117 περὶ
624 2037 798 2116 Σαλαμῖνα
811 2030 979 2118 γενομένῳ
994 2031 1070 2096 τάδε
1085 2031 1190 2096 ἐποίεε

204 2141 404 2223 παραλαβὼν
435 2141 579 2216 πολλοὺς
609 2150 676 2202 τῶν
711 2137 871 2203 ὁπλιτέων
904 2141 939 2202 οἳ
966 2137 1203 2223 παρατετάχατο

204 2245 292 2326 παρὰ
313 2246 373 2326 τῆν
397 2244 497 2326 ἀκτὴν
519 2253 576 2328 τῆς
598 2247 805 2328 Σαλαμινίης
827 2245 950 2328 χώρης,
978 2242 1074 2326 γένος
1097 2243 1204 2318 ἐόντες

201 2345 387 2432 Ἀθηναῖοι,
420 2349 453 2425 ές
479 2350 539 2432 τῆν
568 2350 774 2414 Ψυττάλειαν
801 2359 905 2433 νῆσον
933 2347 1075 2432 ἀπέβησε
1102 2350 1203 2432 ἀγων,

205 2455 241 2517 οἳ
271 2455 349 2529 τοὺς
376 2453 509 2539 Πέρσας
539 2457 616 2530 τοὺς
650 2454 687 2520 έν
720 2464 759 2540 τῆ
794 2456 903 2539 νησῖδι
934 2455 1035 2540 ταύτη
1067 2458 1205 2539 κατεφό-

204 2575 329 2624 νευσαν
350 2559 482 2636 πάντας.

152 2688 186 2736 96
289 2661 343 2742 Ὡς
371 2661 407 2730 δὲ
438 2665 458 2748 ῆ
486 2667 649 2749 ναυμαχίη
681 2664 864 2750 διελέλυτο,
894 2669 1143 2752 κατειρύσαντες
1173 2668 1207 2744 ές

203 2773 264 2855 τῆν
287 2776 461 2856 Σαλαμῖνα
488 2772 523 2836 οί
544 2769 701 2854 Ἕλληνες
727 2783 794 2837 τῶν
821 2777 991 2858 ναυηγίων
1019 2774 1081 2838 ὅσα
1101 2775 1206 2859 ταύτη

205 2878 361 2963 ἐτύγχανε
384 2881 432 2942 ἔτι
454 2875 560 2960 ἐόντα,
584 2875 708 2960 ἕτοιμοι
730 2873 816 2960 ἦσαν
835 2879 867 2956 ές
886 2881 989 2965 ἀλλην
1006 2883 1207 2965 ναυμαχίην,
1318 2943 1319 2952 ,

204 2984 387 3064 ἐλπίζοντες
405 2991 479 3067 τῆσι
497 2984 709 3068 περιεούσῃσι
729 2983 829 3068 νηυσὶ
847 2988 895 3050 ἔτι
916 2989 1100 3072 χρήσεσθαι
1112 2990 1209 3070 βασι-

205 3089 272 3155 λέα.
303 3101 369 3154 τῶν
384 3084 421 3153 δὲ
438 3091 609 3171 ναυηγίων
622 3091 728 3154 πολλά
742 3090 918 3174 ὑπολαβὼν
932 3093 1052 3175 ἀνεμος
1066 3091 1210 3177 ζέφυρος

205 3199 302 3281 ἔφερε
320 3203 377 3278 τῆς
392 3191 535 3278 Ἀττικῆς
554 3192 606 3260 ἐπὶ
624 3197 685 3280 τὴν
703 3196 799 3280 ἠιόνα
816 3196 1019 3280 καλεομένην
1036 3198 1208 3280 Κωλιάδα,

205 3301 288 3373 ὥστε
311 3299 566 3384 ἀποπλησθῆναι
587 3303 648 3367 τὸν
670 3302 818 3386 χρησμὸν
840 3303 899 3366 τόν
917 3324 952 3368 τε
975 3303 1077 3367 ἀλλον
1099 3303 1209 3367 πάντα

204 3408 263 3470 τὸν
291 3405 365 3488 περὶ
387 3414 445 3488 τῆς
467 3411 650 3492 ναυμαχίης
671 3408 791 3490 ταύτης
813 3406 989 3492 εἰρημένον
1011 3408 1129 3472 Βάκιδι
1151 3406 1210 3473 καὶ

206 3511 381 3595 Μουσαίῳ,
400 3509 454 3574 καὶ
473 3513 513 3592 δῆ
533 3509 587 3574 καὶ
604 3512 685 3575 κατά
702 3513 742 3576 τὰ
757 3513 900 3595 ναυήγια
916 3515 957 3578 τὰ
969 3515 1070 3598 ταύτη
1090 3511 1206 3594 έξενει·
1318 3601 1319 3608 χ

1318 3679 1319 3734 λ
