2678 3970
294 261 297 267 '
373 269 376 278 '
412 271 559 328 mavll.
596 271 671 326 GAP.
692 280 857 344 τας-νο.
1076 275 1137 339 151

133 410 188 478 καὶ
210 410 388 498 Ἕλληνας,
411 413 456 493 ὡς
478 410 561 499 οἶκε,
585 418 700 503 φθορή
722 439 772 494 τις
797 419 1038 503 καταλαμβάνει
1060 420 1141 503 θεύ-

134 525 246 604 λατος,
274 521 338 605 ἐγὼ
366 517 427 607 μέν
449 519 504 587 καί
531 522 631 600 αὐτὸς
651 523 815 608 τράπομαι
842 521 897 588 καί
918 524 980 606 τὴν
1001 525 1141 610 γνώμην

132 629 362 712 μετατίθεμαι,
390 630 433 694 σὺ
457 624 494 694 δέ
517 629 668 714 σήμηνον
696 625 757 713 μὲν
780 627 930 715 Πέρσησι
958 630 999 694 τὰ
1018 630 1058 708 ἐκ
1077 640 1140 697 τοῦ

131 739 218 798 θεοῦ
237 736 436 820 πεμπόμενα,
459 741 605 820 χρᾶσθαι
625 731 662 802 δέ
684 733 796 801 κέλευε
817 746 905 800 τοῖσι
923 735 959 800 ἐκ
977 735 1033 801 σέο
1051 738 1140 821 πρύ-

132 855 219 906 τοισι
232 839 502 926 προειρημένοισι
520 841 554 918 ἐς
570 841 632 925 τὴν
649 835 871 928 παρασκευήν,
890 845 981 908 ποίεε
1000 837 1037 906 δέ
1052 842 1139 908 ούτω

132 945 218 1024 ὅκως
234 953 297 1011 τοῦ
310 953 397 1013 θεοῦ
413 948 656 1033 παραδιδόντος
673 959 741 1012 τῶν
761 958 831 1014 σῦν
853 947 1002 1031 ἐνδεήσει
1025 945 1139 1030 μηδέν.

132 1052 262 1118 τούτων
285 1051 488 1138 λεχθέντων,
515 1053 662 1120 ἐνθαῦτα
688 1052 906 1140 ἐπαερθέντες
931 1061 971 1139 τῇ
998 1053 1071 1136 ὄψι,
1095 1053 1140 1130 ὡς

132 1156 238 1243 ἡμέρη
267 1156 397 1243 ἐγένετο
419 1159 572 1244 τάχιστα,
599 1159 723 1246 Ξέρξης
743 1183 779 1226 τε
801 1160 1014 1246 ὑπερετίθετο
1036 1167 1140 1227 ταῦτα

132 1263 284 1350 Πέρσησι
319 1263 374 1331 καί
402 1261 617 1351 Ἀρτάβανος,
653 1266 691 1344 ὃς
705 1268 884 1353 πρότερον
915 1266 1136 1332 ἀποσπεύδων

132 1379 259 1455 μοῦνος
282 1371 450 1458 ἐφαίνετο,
472 1375 548 1438 τότε
569 1372 777 1440 ἐπισπεύδων
799 1373 945 1458 φανερὸς
966 1368 1017 1456 ἦν.
1086 1390 1088 1404 “

216 1473 407 1566 Ὁρμημέυμ
440 1475 478 1544 δέ
504 1477 609 1565 Ξέρξη
646 1476 896 1565 στρατηλατέειν
930 1481 1010 1564 μετά
1035 1486 1139 1546 ταῦτα
1158 1493 1193 1543 ιο

5 1595 6 1650 3
131 1585 225 1668 τρίτη
249 1585 326 1660 ὅύις
347 1582 385 1651 ἐν
406 1591 453 1674 τῷ
475 1584 569 1674 ύπνρι
591 1582 731 1668 ἐγένετο,
754 1586 816 1669 τὴν
835 1585 870 1650 οί
884 1585 984 1670 μάγοι
1003 1587 1139 1670 ἔκριναν

5 1679 6 1698 ’
132 1688 334 1768 ἀκούσαντες
355 1689 472 1776 φέρειν
492 1713 529 1756 τε
551 1689 604 1780 ἐπὶ
621 1700 731 1756 πᾶσαν
748 1699 813 1775 γῆν
832 1691 1026 1757 δουλεύσειν
1047 1689 1086 1756 ιε’
1106 1691 1142 1756 οί

131 1795 256 1872 πάντας
269 1794 479 1882 ἀνθρώπους.
511 1796 533 1880 ἡ
552 1794 589 1862 δέ
607 1798 683 1874 ὄψις
700 1792 743 1880 ἦν
761 1797 836 1880 ἥδε·
859 1797 970 1862 ἐδόκεε
984 1796 1002 1862 δ
1016 1794 1140 1882 Ξέρξης

5 1933 16 1966 ι
134 1900 387 1985 ἐστεφανῶσθαι
411 1901 521 1987 ἐλαίης
543 1907 674 1992 θαλλῷ,
702 1903 765 1968 ἀπὸ
790 1899 827 1968 δέ
847 1912 906 1986 τῆς
928 1903 1039 1986 ἐλαίης
1060 1903 1140 1980 τοὺς

132 2006 276 2084 κλάδους
306 2017 371 2092 γῆν
402 2018 512 2075 πᾶσαν
543 2007 704 2094 ἐπισχεῖν,
737 2009 817 2095 μετὰ
844 2006 882 2074 δέ
908 2008 1139 2094 ἀφανισθῆναι

132 2111 207 2199 περὶ
237 2122 278 2198 τῇ
304 2119 432 2201 κεφαλῇ
458 2118 612 2201 κείμενον
642 2116 703 2180 τὸν
731 2113 907 2199 στέφανον.
951 2115 1139 2197 κρινάντων

132 2216 170 2285 δέ
190 2219 294 2306 ταύτη
321 2231 390 2287 τῶν
412 2221 526 2306 μάγων
550 2219 709 2304 Περσέων
730 2244 766 2287 τε
793 2232 860 2286 τῶν
887 2219 1139 2306 συλλεχθέντων

132 2326 250 2392 αὐτίκα
276 2335 340 2404 πάις
362 2327 446 2412 ἀνὴρ
473 2327 508 2406 ἐς
532 2329 593 2412 τὴν
616 2327 720 2412 ἀρχὴν
742 2329 803 2412 τὴν
827 2326 953 2393 ἑωυτοῦ
975 2327 1139 2404 ἀπελάσας

132 2428 197 2517 εἶχε
227 2435 421 2517 προθυμίην
448 2443 557 2500 πᾶσαν
585 2431 638 2501 ἐπὶ
662 2446 750 2500 τοῖσι
778 2432 993 2521 εἰρημένοισι,
1025 2432 1138 2499 θέλων

132 2538 231 2617 αὐτὸς
253 2537 390 2617 ἕκαστος
410 2541 451 2606 τά
468 2543 668 2628 προκείμενα
686 2543 777 2626 δῶρα
794 2544 920 2625 λαβεῖν,
942 2537 998 2606 καὶ
1015 2537 1139 2622 Ξέρξης

130 2653 191 2710 τοῦ
219 2653 362 2733 στρατοῦ
389 2646 475 2712 οὕτω
503 2646 678 2731 ἐπάγερσιν
704 2646 864 2730 ποιέεται,
895 2656 1004 2731 γῦρον
1030 2644 1138 2708 πάντα

131 2751 279 2833 ἐρευνῶν
301 2760 359 2834 τῆς
382 2751 529 2836 ἠπείρου.
566 2751 630 2818 ἀπὸ
652 2753 715 2837 γάρ
734 2752 907 2837 Αἰγύπτου
925 2749 1067 2824 άλύσιος
1083 2745 1137 2813 ἐπὶ
1155 2766 1191 2814 νο

131 2854 192 2941 μέν
215 2855 354 2941 τέσσερα
381 2859 454 2923 ἔτεα
476 2859 602 2944 πλήρεα
623 2857 823 2944 παραρτέετο
846 2857 1003 2942 στρατιήν
1024 2877 1060 2919 τε
1081 2851 1137 2918 καὶ

129 2966 170 3028 τδι
201 2966 377 3049 πρόσφορα
406 2972 445 3049 τῇ
476 2974 626 3050 στρατιῇ,
658 2963 791 3052 πέμπτῳ
825 2959 862 3028 δέ
894 2964 961 3027 έτει·
985 2958 1136 3047 ἀνομένῳ

130 3069 363 3154 ἐστρατηλάτεε
385 3065 470 3155 χειρὶ
493 3070 617 3155 μεγάλη
639 3072 792 3152 πλήθεος.
833 3069 960 3133 στόλων
982 3065 1046 3150 γάρ
1068 3075 1136 3130 τῶν

129 3175 223 3260 ἡμεῖς
250 3177 345 3260 ίδμεν
372 3180 484 3263 πολλςῦ
513 3176 554 3259 δὴ
582 3173 734 3260 μέγιστος
761 3169 858 3250 οὗτος
880 3171 1024 3256 ἐγένετο,
1052 3172 1136 3237 ὥστε

129 3283 210 3368 μητε
227 3281 288 3346 τὸν
301 3283 449 3367 Δαρείου
467 3281 527 3346 τὸν
546 3278 598 3346 ἐπὶ
612 3281 752 3358 Σκύθας
768 3280 856 3361 παρὰ
872 3287 993 3344 τοῦτον
1008 3277 1136 3363 μηδένα

129 3390 313 3471 φαίνεσθαι
331 3389 410 3472 μήτε
428 3387 488 3452 τδν
506 3387 691 3470 ὣιυθικόν,
710 3385 764 3451 ὅτε
781 3385 916 3451 Σκύθαι
931 3387 1136 3472 Κιμμερίους

70 3491 75 3497 ’
130 3494 306 3571 διώκοντες
335 3493 368 3570 ἐς
395 3493 456 3574 τὴν
478 3492 637 3575 Μηδικὴν
664 3492 775 3578 χώρην
798 3491 992 3576 ἐσβαλόντες
1014 3493 1135 3578 σχεδὸν
