2632 3970
211 299 276 362 334
622 293 809 350 HERODOTI

212 443 345 506 ἱππόται
379 440 562 525 ὑπέμενον,
600 439 681 506 οὐδέ
710 457 772 524 σφι
803 437 966 523 ἐξεγένετο
1001 441 1061 504 τὸν
1091 440 1214 524 νεκρὸν

211 546 403 630 ἀνελέσθαι,
435 547 519 612 ἀλλὰ
549 547 631 629 πρὸς
662 544 776 632 ἐκείνφ
806 546 928 621 ἀλλους
952 545 1214 628 προσαπώλεσαν

211 664 279 717 τῶν
306 653 440 718 ίππέων.
486 652 729 734 ἀποστήσαντες
761 645 809 715 ὧν
835 651 917 715 ὅσον
942 672 978 714 τε
1005 651 1067 714 δύο
1095 651 1214 715 στάδια

211 757 429 842 ἐβουλεύοντο
460 759 479 824 ό
510 780 543 822 τι
573 757 672 842 χρεὸν
703 761 753 839 είη
780 754 919 821 ποιέειν·
951 755 1060 820 ἐδόκεε
1087 754 1128 820 δέ
1152 773 1214 841 σφι

159 888 194 938 24
214 863 371 949 ἀναρχίης
394 864 512 946 ἐούσης
535 861 732 927 ἀπελαύνειν
749 862 838 946 παρὰ
856 862 1064 947 Μαρδόνιον.
1100 861 1213 927 ἀπικο-

212 969 312 1056 μένης
335 967 372 1035 δὲ
393 979 450 1054 τῆς
472 970 574 1034 ίππου
597 968 631 1044 ἐς
652 969 691 1032 τὸ
713 968 936 1053 στρατόπεδον
958 965 1084 1044 πένθος
1103 967 1213 1051 ἐποιή-

212 1093 313 1141 σαντο
336 1079 526 1141 Μασιστίου
552 1073 639 1138 πᾶσά
665 1096 700 1138 τε
730 1073 752 1156 ή
779 1074 914 1158 στρατιή
941 1070 997 1137 καὶ
1018 1075 1214 1158 Μαρδόνιος

211 1181 380 1266 μέγιστον,
404 1180 507 1266 σφέας
528 1203 563 1245 τε
590 1179 711 1256 αὐτούς
731 1182 897 1264 κείροντες
917 1175 973 1243 καλ
993 1181 1072 1256 τούς
1093 1179 1214 1257 ἵππους
1255 1195 1259 1204 ’

211 1285 266 1352 καὶ
288 1289 328 1352 τά
346 1287 506 1370 ὑποζύγια
525 1287 650 1370 οἰμωγῇ
667 1309 703 1350 τε
720 1285 902 1371 χρεώμενοι
919 1283 1058 1372 ἀπλέτῳ·
1081 1285 1213 1352 ἀπασαν

211 1395 275 1478 γάρ
306 1394 368 1477 τήν
394 1395 559 1476 Βοιωτίην
586 1401 712 1476 κατεῖχε
738 1391 807 1475 ήχὼ
834 1391 880 1467 ὡς
906 1389 1028 1476 ἀνδρὸς
1053 1390 1213 1476 ἀπολομέ-

211 1523 275 1564 νου
302 1499 382 1583 μετά
408 1522 445 1582 γε
467 1498 667 1584 Μαρδόνιον
693 1496 919 1580 λογιμωτάτου
949 1496 1038 1582 παρά
1063 1519 1098 1562 τε
1127 1497 1213 1578 Πέρ-

212 1620 290 1689 σησι
311 1601 366 1668 καὶ
389 1602 524 1686 βασιλέϊ.

302 1711 346 1774 OC
374 1709 435 1794 μέν
466 1734 530 1774 νυν
557 1710 718 1794 βάρβαροι
749 1711 859 1795 τρόπῳ
886 1717 932 1796 τῷ
959 1708 1105 1798 σφετέρῳ
1133 1709 1213 1776 ἀπο-

160 1839 194 1886 25
213 1817 362 1880 θανόντα
394 1816 513 1900 ἐτίμων
539 1818 742 1879 Μασίστιον·
774 1815 810 1879 οί
834 1811 871 1878 δέ
894 1812 1051 1898 Ἕλληνες
1082 1816 1127 1893 ὡς
1151 1819 1214 1900 τήν

213 1921 314 1985 ἵππον
336 1920 488 2000 ἐδέξαντο
511 1921 786 2006 προσβάλλουσαν
808 1917 863 1984 καὶ
883 1919 1055 2005 δεξάμενοι
1073 1923 1213 2006 ὤσαντο,

214 2025 405 2111 ἐθάρσησαν
426 2032 536 2114 πολλῷ
560 2031 695 2110 μᾶλλον.
735 2023 791 2090 καὶ
812 2036 925 2111 πρῶτα
948 2022 1009 2110 μέν
1031 2027 1065 2104 ἐς
1086 2027 1214 2112 ἅμαξαν

214 2131 366 2208 ἐσθέντες
392 2134 452 2198 τὸν
478 2134 597 2216 νεκρὸν
624 2133 712 2216 παρὰ
737 2133 795 2207 τάς
820 2131 910 2210 τάξις
936 2131 1097 2216 ἐκόμιζον·
1130 2133 1148 2199 ὁ
1177 2133 1215 2199 δέ

213 2239 329 2321 νεκρὸς
359 2233 401 2319 ήν
432 2237 514 2320 θέης
541 2237 631 2314 ἀξιος
657 2236 820 2321 μεγάθεος
847 2237 955 2302 εἵνεκα
984 2236 1038 2302 καὶ
1064 2239 1214 2317 κάλλεος·

213 2351 281 2405 τῶν
299 2338 336 2406 δέ
353 2341 460 2406 εἵνεκα
479 2340 533 2406 καλ
551 2351 653 2407 ταῦτα
671 2341 816 2407 ἐποίευν·
836 2341 1039 2420 ἐκλείποντες
1055 2346 1113 2421 τάς
1125 2344 1216 2424 τάξις

215 2445 357 2531 ἐφοίτων
374 2450 574 2531 θεησόμενοι
588 2450 786 2513 Μασίστιον.
818 2450 898 2532 μετὰ
914 2445 951 2513 δέ
965 2447 1059 2527 ἔδοξέ
1071 2470 1132 2535 σφι
1147 2452 1215 2516 ἐπι-

214 2555 394 2636 καταβῆναι
417 2551 451 2628 ἐς
472 2552 651 2627 Πλαταιάς·
679 2551 697 2618 δ
720 2553 783 2637 γάρ
803 2563 911 2639 χῶρος
932 2553 1085 2639 ἐφαίνετο
1102 2561 1214 2645 πολλῷ

214 2659 278 2725 ἐὼν
301 2657 543 2740 ἐπιτηδεότερός
561 2672 621 2739 σφι
644 2656 1003 2741 ἐνστρατοπεδεύεσθαι
1021 2659 1039 2724 ὁ
1057 2665 1216 2727 Πλαταιι-

214 2767 270 2842 κὸς
296 2773 356 2830 τοῦ
375 2759 578 2847 Ἐρυθραίου
604 2763 644 2826 τά
665 2786 700 2828 τε
729 2764 812 2828 ἀλλα
834 2762 890 2828 καλ
912 2764 1137 2851 εὐυδρότερος.
1183 2769 1218 2846 ἐς
1299 2819 1300 2822 ¹

213 2880 332 2936 τοῦτον
356 2870 397 2954 δή
419 2871 479 2933 τὸν
501 2879 611 2953 χῶρον
628 2866 682 2932 καὶ
705 2867 759 2934 ἐπὶ
780 2870 841 2952 τήν
862 2872 991 2956 κρήνην
1007 2871 1069 2954 τήν
1087 2874 1217 2959 Γαργα-

214 2981 297 3063 φίην
319 2977 380 3060 τήν
402 2975 439 3040 ἐν
461 2981 506 3062 τῷ
529 2974 625 3061 γύρφ
647 2975 753 3063 τούτῳ
778 2974 900 3040 ἐοῦσαν
923 2975 1017 3055 ἔδοξέ
1033 2993 1094 3061 σφι
1115 2981 1218 3065 χρεὸν

214 3079 299 3148 εἶναι
331 3080 506 3146 ἀπικέσθαι
537 3077 593 3144 καλ
620 3079 856 3164 διαταχθέντας
885 3083 1217 3166 στρατοπεδεύεσθαι.

214 3189 434 3271 ἀναλαβόντες
462 3180 498 3250 δέ
524 3186 564 3250 τὰ
591 3185 675 3250 ὅπλα
696 3187 795 3269 ήισαν
823 3187 878 3251 διά
904 3195 962 3270 τῆς
983 3186 1134 3274 ὑπωρέης
1155 3199 1218 3256 τοῦ

213 3297 427 3378 Κιθαιρῶνος
444 3292 532 3377 παρά
545 3287 656 3368 Ὑσιάς
673 3292 706 3368 ἐς
722 3293 784 3375 τήν
802 3293 990 3358 Πλαταιίδα
1007 3302 1083 3377 γῆν,
1103 3294 1217 3361 ἀπικό-

214 3422 309 3483 μενοι
332 3394 368 3462 δὲ
387 3397 563 3462 ἐτάσσοντο
581 3399 662 3462 κατά
683 3399 785 3462 ἔθνεα
802 3401 944 3481 πλησίου
960 3407 1018 3482 τής
1034 3422 1069 3464 τε
1091 3403 1218 3486 κρήνης
1299 3433 1300 3462 ι

213 3513 271 3587 τής
298 3505 491 3585 Γαργαφίης
522 3500 577 3566 καλ
607 3512 667 3566 τοῦ
697 3501 847 3586 τεμένεος
876 3513 937 3570 τοῦ
961 3499 1219 3592 Ἀνδροκράτεος
1299 3511 1300 3538 ³
