2572 3980
197 243 238 306 10
606 238 791 295 HERODOTI

190 385 285 470 ύμῖν,
318 385 362 462 ὡς
393 381 576 461 παντελέως
607 383 733 468 μάθητε
762 383 939 466 τιμώμενοι
971 382 1053 468 πρὸς
1083 379 1196 465 ήμέων

189 501 257 556 τῶν
279 488 341 576 πέρ
364 490 434 557 ἐστε
458 489 557 574 ἀξιοι,
580 491 662 572 πρὸς
685 486 722 555 δὲ
744 487 797 554 καὶ
821 485 951 572 βασιλέϊ
965 496 1010 576 τῷ
1029 486 1195 572 πέμψαντι

189 596 405 680 ἀπαγγείλητε
428 597 473 674 ὡς
494 595 578 680 ἀνὴρ
593 594 726 678 Ἕλλην,
749 596 957 660 Μακεδόνων
976 594 1133 678 ὕπαρχος,
1157 589 1196 660 εὖ

190 700 292 786 ὑμέας
323 702 454 781 ἐδέξατο
485 700 539 767 καὶ
553 685 556 690 ’
571 700 709 786 τραπέζη
740 698 795 765 καὶ
827 703 929 786 κοίτη.
973 709 1076 764 ταῦτα
1103 705 1195 776 εἶπας

187 804 401 894 Ἀλέξανδρος
422 811 548 892 παρίζει
567 806 680 892 Πέρση
704 804 801 890 ἀνδρί
824 807 930 892 ἀνδρα
949 806 1130 871 Μακεδόνα
1151 805 1196 882 ὡς

191 925 331 997 γυναῖκα
344 922 389 1003 τῷ
404 916 505 1002 λόγῳ·
529 913 564 978 οί
575 911 623 994 δέ,
642 912 746 978 ἐπείτε
760 910 873 996 σφέων
887 912 922 978 οί
933 909 1060 994 Πέρσαι
1075 911 1195 990 ψαύειν

191 1019 384 1106 ἐπειρῶντο,
408 1019 618 1103 διεργάζοντο
641 1017 771 1095 αύτούς.

138 1140 173 1190 21
279 1124 346 1192 Καὶ
369 1120 462 1192 οὗτοι
484 1121 545 1208 μέν
567 1124 672 1210 τούτῳ
695 1131 740 1211 τῷ
764 1125 855 1210 μόρῳ
874 1123 1118 1208 διεφθάρησαν,
1140 1121 1196 1188 καλ

192 1228 363 1297 αὐτοίκαὶ
385 1230 407 1314 ή
429 1232 595 1315 θεραπηιή
618 1229 742 1293 αὐτῶν·
775 1229 882 1294 εἵπετο
905 1230 968 1314 γάρ
992 1230 1034 1311 δή
1057 1245 1118 1312 σφι
1141 1227 1196 1294 καὶ
1270 1235 1271 1244 ³

192 1336 337 1422 ὀχήματα
359 1334 412 1401 καὶ
431 1335 635 1420 θεράποντες
651 1332 706 1399 καὶ
723 1333 745 1418 ή
763 1343 851 1399 πάσα
868 1335 972 1418 πολλὴ
991 1339 1196 1419 παρασκευή·

191 1442 298 1508 πάντα
325 1441 367 1524 δή
393 1449 495 1505 ταῦτα
522 1441 588 1523 ἀμα
614 1448 694 1505 πᾶσι
721 1439 877 1505 ἐκείνοισι
898 1439 1070 1524 ἠφάνιστο.
1091 1479 1093 1483 -
1116 1445 1197 1525 μετὰ

192 1545 230 1613 δὲ
265 1549 374 1635 χρόνω
406 1546 448 1612 ού
478 1550 589 1633 πολλῷ
626 1546 767 1630 ὕστερον
803 1548 932 1630 ζήτησις
961 1557 1029 1612 τῶν
1061 1545 1196 1631 ἀνδρῶν
1271 1609 1272 1614 ,

190 1655 319 1718 τούτων
346 1652 468 1736 μεγάλη
497 1651 532 1717 ἐκ
559 1661 626 1717 τῶν
653 1649 812 1737 Περσέων
839 1651 982 1736 ἐγένετο,
1008 1656 1067 1717 καί
1091 1669 1197 1738 σφεας

187 1754 400 1842 Ἀλέξανδρος
426 1755 583 1841 κατέλαβε
610 1761 728 1844 σοφίη,
755 1756 903 1842 χρήματά
925 1780 959 1823 τε
987 1758 1067 1835 δοὺς
1089 1763 1196 1826 πολλά

191 1863 245 1930 καὶ
269 1865 329 1947 τήν
353 1862 478 1929 ἑωυτοῦ
501 1863 665 1948 ἀδελφεήν
687 1872 727 1948 τή
746 1863 873 1947 οὔνομα
891 1858 934 1946 ήν
952 1866 1091 1949 Γυγαίη·
1116 1867 1198 1944 δοὺς

192 1968 229 2038 δέ
243 1979 344 2058 ταῦτα
358 1969 513 2052 κατέλαβε
527 1966 770 2052 δἈλέξανδρος
783 1969 940 2054 Βουβάρῃ
955 1968 1054 2053 ἀνδρὶ
1069 1970 1195 2058 Πέρση,

190 2088 258 2143 τῶν
277 2075 459 2160 διζημένων
477 2078 555 2153 τοὺς
573 2074 799 2158 ἀπολομένους
816 2082 861 2162 τῷ
881 2084 1062 2163 στρατηγῷ.
1098 2075 1116 2142 ὁ
1135 2077 1197 2161 μέν

190 2207 257 2248 νυν
274 2193 341 2248 τῶν
358 2182 515 2266 Περσέων
533 2183 661 2247 τούτων
678 2179 825 2256 θάνατος
843 2181 929 2246 οὕτω
948 2182 1197 2267 καταλαμφθεὶς

139 2301 172 2351 22
191 2287 340 2370 ἐσιγήθη.
385 2285 547 2370 Ἕλληνας
578 2283 615 2351 δὲ
642 2281 728 2351 εἶναι
754 2287 893 2363 τούτους
919 2289 996 2364 τοὺς
1019 2285 1082 2352 ἀπὸ
1109 2292 1197 2373 Περ,

191 2395 309 2459 δι’κκεω
336 2395 528 2475 γεγονότας,
555 2391 637 2456 κατά
659 2413 720 2476 περ
747 2391 842 2458 αὐτοὶ
864 2391 1012 2478 λέγουσι,
1040 2393 1139 2472 αύτός
1162 2420 1196 2460 τε
1273 2395 1274 2410 ’

191 2499 277 2565 οὕτω
300 2497 451 2581 τυγχάνω
473 2495 685 2578 ἐπιστάμενος
706 2495 761 2562 καὶ
784 2497 898 2582 δήκαὶ
916 2499 1056 2566 έντοῐσι
1074 2501 1195 2567 ὄπισθε

105 2643 107 2650 s
190 2608 318 2688 λόγοισι
337 2600 485 2680 ἀποδέξω
506 2600 550 2677 ὡς
573 2598 634 2666 εἰσὶ
651 2599 818 2693 Ἕλληνες,
840 2605 923 2688 πρὸς
945 2603 982 2671 δὲ
1004 2603 1059 2670 καὶ
1081 2607 1118 2671 οί
1136 2609 1196 2672 τὸν

191 2712 228 2778 ἐν
249 2705 403 2793 Ὀλυμπίη
428 2706 596 2784 διέποντες
619 2707 730 2791 ἀγῶνα
749 2706 917 2793 Ἑλλήνων
940 2712 1026 2777 ούτω
1044 2713 1195 2795 έγνωσαν
1268 2716 1271 2724 ’

191 2812 285 2882 εἶναι.
323 2811 540 2901 Ἀλεξάνδρου
563 2815 626 2897 γάρ
649 2814 822 2882 ἀεθλεύειν
845 2815 1004 2901 ἑλομένου
1026 2815 1081 2882 καὶ
1099 2841 1196 2884 κατα-

191 2922 310 3005 βάντος
342 2916 391 2984 ἐπ’
427 2918 508 2983 αὐτὸ
540 2928 637 2985 τοῦτο
665 2921 700 2985 ολ
725 2921 1000 3005 ἀντιθευσόμενοι
1027 2920 1196 3006 Ἐλλήνων

192 3026 324 3110 έξεργόν
347 3049 418 3110 μιν,
448 3024 589 3109 φάμενοι
613 3025 654 3090 οὐ
677 3026 854 3112 βαρβάρων
877 3027 1086 3110 ἀγωνιστέων
1109 3025 1195 3095 εἶναι

190 3134 251 3198 τὸν
287 3131 398 3213 ἀγῶνα
433 3130 516 3197 ἀλλά
543 3127 718 3214 Ἑλλήνων.
761 3129 974 3216 Ἀλέξανδρος
1010 3131 1047 3199 δέ
1082 3134 1194 3218 ἐπειδή

190 3235 324 3314 ἀπέδεξε
351 3237 396 3314 ὡς
422 3244 473 3320 είη
500 3235 658 3321 Ἀργείος,
687 3237 805 3321 έαρίθη
828 3262 863 3304 τε
889 3234 975 3305 εἶναι
994 3238 1117 3324 Ἕλλην
1140 3240 1195 3306 καὶ

190 3343 431 3427 ἀγωνιζόμενος
459 3344 595 3408 στάδιον
617 3342 828 3422 συνεξέπιπτε
850 3351 895 3431 τῷ
918 3345 1046 3432 πρώτῳ.
1091 3356 1196 3412 ταῦτα

190 3446 251 3533 μέν
274 3471 338 3513 νυν
362 3449 446 3514 ούτω
470 3472 510 3530 κη
534 3445 672 3530 ἐγένετο.
