2678 3970
385 263 453 319 οιε.
473 261 533 318 v11.
569 261 645 319 οεε.
665 268 711 331 ιο,
731 264 823 335 ρ-ε.
1051 260 1116 326 145

107 402 309 489 ἀποσκήπτει
339 405 381 472 τά
409 405 514 489 βέλεα.
560 404 667 490 φιλέει
696 408 759 492 γάρ
789 407 807 473 ὁ
834 407 914 483 θεὸς
946 407 986 471 τδι
1016 405 1116 492 ὑπερ-

108 507 226 594 έχοντα
248 510 355 577 πάντα
378 511 540 577 κολούειν.
585 512 671 578 οὕτω
696 509 734 579 δέ
755 510 811 578 καὶ
834 513 971 594 στρατὸς
993 513 1117 590 πολλὸς

108 615 172 681 ὑπὸ
200 615 317 700 ὀλίγου
346 617 577 704 διαφθείρεται
604 618 686 684 κατά
707 619 852 684 τοιόνδε·
882 617 980 683 ἐπεάν
1008 634 1069 702 σφι
1095 617 1115 684 ό

107 721 188 797 θεὸς
206 723 383 806 φθονήσας
400 723 510 806 φόβον
529 721 654 809 ἐμβάλη
671 722 862 810 ἣβροντην,
883 717 927 788 δι’
948 718 996 788 ὧν
1010 723 1116 807 έφθά·

108 841 216 912 ρησαν
246 825 388 906 ἀναξίως
410 825 553 894 ἑωυτῶν.
600 827 640 894 ού
662 829 726 915 γάρ
749 829 787 917 ἐᾷ
811 827 967 915 φρονέειν
989 827 1072 913 μέγα
1094 827 1115 894 δ

10 955 12 982 ¹
107 933 188 1010 θεὸς
206 934 308 999 ἀλλον
325 931 347 1017 ἦ
366 931 500 999 ἑωυτόν.
537 933 731 1019 ἐπειχθῆναι
749 933 810 1019 μέν
823 958 888 1001 νυν
901 942 967 1000 πάν
980 941 1152 1018 πρηγμαξ

107 1040 208 1104 τίκτει
227 1039 413 1124 σφάλματα,
432 1037 469 1105 ἐκ
485 1049 553 1105 τῶν
572 1042 681 1124 ζημίαι
699 1040 837 1125 μεγάλαι
856 1039 1010 1124 φιλέουσι
1027 1042 1115 1122 γίνε-

110 1151 207 1210 σθαι·
234 1143 271 1210 έν
295 1140 333 1210 δέ
353 1152 399 1233 τῷ
423 1145 569 1229 ἐπισχεῖν
592 1148 699 1212 ένεστι
721 1145 847 1230 ἀγαθά,
871 1147 966 1231 εἰμὴ
988 1167 1115 1231 παραυ-

108 1252 183 1314 τίκα
208 1247 366 1316 δοκέοντα
389 1243 489 1334 εἶναι,
514 1245 584 1316 ἀλλ’
610 1251 674 1317 ἀνά
696 1254 820 1338 χρόνον
843 1250 969 1338 ἐξεύροι
991 1275 1041 1328 τις
1063 1251 1114 1317 ἀν.

108 1353 163 1420 σοὶ
185 1351 248 1440 μέν
271 1355 312 1438 δὴ
334 1363 447 1438 ταῦτα,
470 1350 497 1422 ὦ
520 1359 667 1440 βασιλεῦ,
691 1358 922 1442 συμβουλεύω·
945 1358 988 1422 σὺ
1011 1354 1063 1440 δέ,
1086 1351 1151 1433 όιη

107 1471 171 1526 παῖ
189 1461 356 1544 Γωβρύου
381 1461 582 1545 [Μαρδόνιε]
589 1509 599 1545 ,
626 1471 751 1528 παῦσαι
777 1461 884 1547 λέγων
906 1465 1027 1546 λόγους
1053 1485 1114 1546 μα-

108 1569 222 1643 ταίους
257 1563 333 1651 περὶ
360 1561 528 1650 Ἑλλήνων
565 1566 626 1632 οὐκ
663 1568 787 1634 ἐόντων
824 1567 925 1648 ἀξίων
958 1567 1116 1653 φλαύρως

109 1671 252 1738 ἀκούειν.
298 1668 461 1754 Ἕλληνας
496 1673 560 1758 γάρ
596 1673 784 1757 διαβάλλων
820 1673 980 1760 ἐπαείρεις
1011 1672 1115 1739 αὐτὸν

108 1775 246 1862 βασιλέα
269 1776 520 1864 στρατεύεσθαι·
544 1777 648 1843 αὐτοῦ
668 1773 706 1843 δέ
722 1779 845 1845 τούτου
863 1779 971 1845 εἵνεκα
990 1777 1116 1856 δοκέεις

109 1908 167 1970 μοι
184 1891 293 1949 πᾶσαν
310 1886 504 1970 προθυμίην
522 1882 687 1949 ἐκτείνειν.
719 1886 763 1968 μή
781 1907 846 1950 νυν
865 1884 951 1951 ούτω
970 1883 1114 1969 γένηται.

109 1989 250 2073 διαβολὴ
277 1989 340 2075 γάρ
368 1989 437 2054 ἐστι
464 1989 670 2072 δεινότατον,
696 1988 733 2054 ἐν
754 1997 795 2074 τῇ
823 1990 884 2054 δύο
912 1989 973 2074 μέν
995 1992 1059 2055 είσι
1082 1989 1118 2056 οί

109 2093 311 2179 ἀδικέοντες,
334 2085 381 2172 εἷς
404 2091 441 2161 δέ
464 2093 483 2161 ὁ
506 2093 724 2179 ἀδικεόμενος.
765 2093 783 2160 δ
806 2090 868 2178 μὲν
894 2096 956 2180 γάρ
980 2095 1115 2180 διαβάλ-

109 2206 181 2266 λων
207 2198 330 2266 ἀδικέει
357 2199 399 2265 ού
425 2201 606 2285 παρεόντος
631 2198 856 2285 κατηγορέων,
884 2196 964 2266 6δέ
992 2199 1115 2268 ἀδικέει

110 2307 374 2390 ἀναπειθόμενος
391 2303 471 2392 πρὶν
488 2303 508 2389 ἢ
523 2304 682 2390 ἀτρεκέως
695 2305 837 2392 ἐκμάθη·
861 2303 931 2372 όδέ
946 2307 986 2391 δη
1004 2306 1116 2374 ἀπεὼν

109 2421 171 2478 τοῦ
197 2414 301 2495 λόγου
327 2411 405 2476 τάδε
431 2410 469 2477 ἐν
496 2408 625 2478 αι’τολσι
651 2410 827 2496 ἀδικέεται,
861 2412 1055 2497 διαβληθείς
1079 2436 1116 2480 τε

111 2519 176 2585 ὑπὸ
197 2526 259 2584 τοῦ
282 2516 396 2603 ἑτέρου
418 2514 473 2582 καὶ
495 2513 670 2600 νομισθεὶς
691 2518 774 2602 πρὸς
797 2526 859 2583 τοῦ
881 2515 995 2603 ἑτέρου
1017 2519 1117 2596 κακὸς

109 2619 207 2691 εἶναι.
252 2619 323 2688 ἀλλ’
359 2624 390 2688 εί
420 2622 461 2705 δὴ
495 2622 549 2686 δεῖ
571 2646 609 2705 γε
640 2622 769 2700 πάντως
801 2620 853 2688 ἐπὶ
881 2625 960 2700 τοὺς
991 2624 1116 2708 ἄνδρας
1132 2636 1166 2687 θ

110 2731 252 2806 τούτους
277 2728 531 2814 στρατεύεσθαι,
559 2727 656 2813 φέρε,
683 2731 837 2812 βασιλεὺς
863 2725 924 2812 μέν
951 2728 1050 2805 αὐτὸς
1079 2727 1116 2794 ἐν

111 2839 212 2920 ἤθεσι
242 2844 329 2900 τοῖσι
355 2832 514 2920 Περσέων
541 2833 679 2918 μενέτω,
710 2833 822 2918 ἡμέων
854 2831 891 2899 δὲ
920 2833 1117 2919 ἀμφοτέρων

110 2939 417 3027 παραβαλλομένων
442 2939 602 3006 τὰτέκνα
625 2940 839 3023 στρατηλάτεε
862 2939 961 3016 αὐτὸς
984 2939 1026 3004 σὺ
1049 2937 1118 3004 έπι·

111 3047 289 3132 λεξάμενός
309 3069 345 3113 τε
368 3047 493 3126 ἄνδρας
513 3047 592 3122 τοὺς
614 3045 740 3122 ἐθέλεις
756 3043 812 3110 καὶ
829 3045 941 3128 λαβὼν
959 3045 1118 3129 στρατιὴν

111 3154 238 3237 ὁκόσην
265 3153 340 3219 τινά
366 3153 510 3237 βούλεαι.
555 3149 610 3216 καλ
632 3150 675 3234 ἣν
699 3146 761 3235 μὲν
781 3158 821 3235 τῇ
845 3151 888 3218 σὺ
910 3148 1015 3234 λέγεις
1037 3148 1117 3216 ἀνα-

114 3263 215 3346 βαίνη
233 3258 363 3343 βασιλέι·
378 3259 418 3323 τά
435 3261 619 3342 πρήγματα,
636 3256 839 3322 κτεινέσθων
857 3255 893 3322 οί
906 3253 977 3340 ἐμοὶ
991 3258 1116 3341 παῖδες,

112 3368 197 3452 πρὸς
225 3360 262 3430 δέ
285 3364 414 3430 αὐτοῖσι
434 3361 489 3428 καί
512 3362 591 3447 ἐγώ·
616 3361 659 3447 ἢν
682 3357 721 3427 δέ
742 3369 782 3447 τῇ
805 3361 868 3446 ἐγὼ
890 3359 1056 3446 προλέγω,
1084 3363 1121 3428 οί

112 3469 170 3538 σοὶ
196 3479 299 3536 ταῦτα
327 3471 535 3555 πασχόντων,
564 3467 627 3535 σύν
655 3465 694 3533 δέ
715 3483 776 3554 σφι
802 3465 857 3532 καλ
884 3469 941 3551 σύ,
968 3466 1011 3552 ἣν
1038 3468 1119 3534 ἀπο-

167 3586 264 3626 Ηιιοιι.
277 3583 309 3625 11.
873 3577 905 3625 10
