2640 3960
468 811 772 888 ΗΡΟΔΟΤΟΤ

591 967 649 1008 ΤΟΥ

191 1072 612 1140 ΑΔΙΚΑΡΝΗΣΣΕΟΣ
642 1072 883 1139 ΙΣΤΟΡΙΩΝ
909 1072 1043 1140 ΕΚΤΗ

416 1216 707 1268 υιιινοιωοιιυιιω
725 1215 849 1268 mm.

569 1359 673 1367 -η

206 1461 511 1528 ΑΡΙΣΤΑΓΟΡΗΣ
530 1461 591 1546 μέν
609 1487 673 1528 νυν
689 1460 820 1544 Ἰωνίην
838 1462 1024 1544 ἀποστήσας
1038 1462 1125 1528 οὑτω
1144 1483 1159 1532 1

113 1575 263 1655 τελευτᾷ,
282 1565 433 1646 Ἱστιαῖος
457 1566 493 1634 δὲ
517 1568 534 1634 ὁ
554 1571 707 1651 Μιλήτου
729 1569 893 1651 τύραννος
915 1567 1126 1654 μεμετιμένος

113 1675 181 1740 ὑπὸ
205 1679 354 1760 Δαρείου
381 1684 490 1758 παρῆν
517 1675 550 1752 ἐς
573 1675 707 1757 Σάρδις.
750 1674 931 1758 ἀπιγμένον
959 1672 996 1740 δέ
1023 1674 1126 1740 αὐτὸν

114 1781 152 1846 έιι
170 1791 238 1846 τῶν
253 1782 396 1846 Σούσων
411 1787 515 1865 είρετο
530 1777 753 1866 Ἀρταφρένης
771 1780 789 1845 ὑ
803 1781 962 1864 Σαρδίων
980 1781 1126 1865 ὕπαρχος

114 1889 198 1952 κατὰ
229 1890 323 1952 κοῖόν
354 1910 386 1952 τι
418 1886 528 1952 δοκέοι
551 1885 671 1962 Ἴωνας
702 1886 893 1952 ἀπεστάναι·
930 1885 948 1951 ὑ
981 1884 1018 1951 δὲ
1049 1887 1125 1952 οὔτε

115 1993 242 2058 εἰδέναι
270 1995 333 2076 ἔφη
363 1992 513 2076 ἐθώμαζέ
537 2016 572 2057 τε
598 1994 636 2057 τὸ
664 1993 802 2075 γεγονὸς
824 1992 869 2068 ὡς
896 1987 996 2057 οὐδέν
1019 1993 1125 2075 δῆθεν

114 2110 184 2164 τῶν
206 2102 398 2184 παρεόντων
426 2099 626 2183 πρηγμάτων
650 2098 870 2182 ἐπιστάμενος.
917 2095 996 2164 ὑδέ
1015 2095 1124 2184 Ἀρτα-

114 2204 242 2288 φρένης
266 2203 371 2289 ὁρέων
390 2204 492 2269 αὐτὸν
514 2205 710 2290 τεχνάζοντα
733 2199 812 2285 εἶπε,
836 2205 932 2280 είδὼς
953 2205 1015 2288 τὴν
1033 2205 1125 2290 άτρε·

113 2314 210 2392 κείην
237 2319 293 2394 τῆς
321 2311 533 2388 ἀποστάσιος·
567 2311 662 2376 Οὑτω
688 2333 754 2390 τοι,
778 2307 926 2393 Ἱστιαῖε,
955 2313 1125 2396 ἔχεικατὰ

114 2426 218 2482 ταῦτα
236 2419 276 2481 τά
293 2419 480 2501 πρήγματα·
500 2425 597 2481 τοῦτο
616 2417 652 2481 τὸ
667 2415 821 2500 ὑπόδημα
838 2418 982 2501 ἔρραψας
996 2415 1057 2502 μέν
1071 2418 1124 2500 σά,

115 2523 303 2605 ὑπεδήσατο
323 2521 360 2588 δὲ
380 2520 620 2608 Ἀρισταγόρης.
653 2519 875 2607 Ἀρταφρένης
892 2519 953 2606 μέν
970 2532 1073 2588 ταῦτα
1091 2523 1124 2600 ές
1142 2542 1159 2590 2

115 2630 177 2710 τὴν
196 2628 378 2693 ἀπόστασιν
397 2631 514 2712 ἔχοντα
533 2623 612 2708 εἷπε,
627 2625 779 2705 Ἱστιαῖος
798 2623 834 2693 δέ
854 2629 965 2704 δείσας
983 2629 1028 2705 ὡς
1046 2645 1124 2693 συν-

115 2735 207 2800 ιέντα
226 2731 448 2818 Ἀρταφρένεα
471 2733 535 2798 ὑπὸ
558 2733 619 2816 την
641 2734 775 2818 πρώτην
795 2733 1003 2798 ἐπελθοῦσαν
1021 2734 1124 2798 νύκτα

117 2841 241 2925 άπέδρη
270 2839 322 2905 ἐπὶ
349 2840 539 2920 θάλασσαν,
567 2837 704 2922 βασιλέα
727 2843 874 2922 Δαρεῖον
902 2837 1123 2925 ἐξηπατηκώς·

115 2947 152 3024 ὃς
175 2947 299 3030 Σαρδὼ
322 2955 428 3029 νῆσον
450 2947 511 3029 τὴν
534 2949 691 3029 μεγίστην
709 2943 952 3026 ὑποδεξάμενος
968 2945 1123 3028 κατεργά-

116 3060 238 3119 σεσθαι
265 3051 409 3117 ὑπέδυνε
436 3062 503 3115 τῶν
524 3045 644 3116 Ἰάνων
674 3050 735 3133 την
756 3048 937 3133 ἡγεμονίην
959 3057 1020 3114 τοῦ
1041 3051 1124 3134 πρὸς

116 3165 263 3244 Δαρείου
281 3156 437 3242 πολέμου.
474 3157 592 3240 διαβάς
611 3152 648 3220 δὲ
667 3155 700 3232 ἐς
714 3159 797 3220 Χίον
821 3153 921 3237 ἐδέθη
940 3153 1004 3220 ὑπὸ
1018 3159 1122 3240 Χίων,

115 3262 363 3349 καταγνωσθεὶς
385 3265 467 3348 πρὸς
486 3263 594 3327 αὐτῶν
613 3261 756 3346 νεώτερα
774 3262 932 3345 πρήσσειν
950 3265 1122 3348 πράγματα

116 3371 149 3448 ἐς
178 3372 301 3447 αὐτοὺς
329 3369 364 3434 έιι
389 3371 543 3455 Δαρείου.
588 3369 753 3452 μαθόντες
775 3365 888 3451 μέντοι
911 3368 945 3432 οί
965 3373 1041 3433 Χίοι
1062 3371 1122 3434 τὸν

116 3477 222 3543 πάντα
245 3477 357 3560 λόγον,
383 3469 428 3552 ὥς
447 3471 602 3558 πολέμιος
625 3478 675 3556 είη
698 3472 841 3556 βασιλέϊ,
866 3477 987 3540 ἔλυσαν
1010 3475 1120 3539 αὐτόν.

869 3578 905 3627 5*
