2640 3960
412 278 478 333 111ss.
495 277 527 334 V.
566 278 642 335 cAP.
662 285 817 334 109-113.
1075 283 1116 345 61

113 421 262 507 φυλάξας
284 422 413 506 πλῆξαι,
437 427 501 488 εἴτε
522 423 582 488 τὸν
604 423 705 488 ’ίππον
728 429 792 489 είτε
814 424 917 490 αὑτὸν
936 420 1118 511 Ἀρτύβιον.

113 523 184 594 εἷπε
208 529 292 614 πρὸς
313 535 415 592 ταῦτα
438 526 456 593 δ
480 525 589 592 ὀπέων
612 527 731 593 αὑτοῦ·
755 520 795 594 Ὠ
817 532 967 612 βασιλεῦ,
991 530 1120 615 ἕτοιμος

112 631 176 718 μέν
193 633 258 717 ἐγώ
277 635 344 718 είμι
361 629 487 699 ποιέειν
504 630 560 698 καὶ
579 632 748 720 ἀμφότερα
761 632 816 700 καὶ
829 636 867 701 τὸ
881 634 994 721 ἕτερον
1009 637 1119 702 αὐτῶν

112 738 169 805 καὶ
186 740 317 816 πάντως
329 739 368 804 τὸ
381 736 424 802 διν
436 740 480 803 σὺ
494 737 681 825 ἐπιτάσσῃς·
704 740 749 818 ίις
762 737 875 825 μέντοι
889 743 999 826 ἔμοιγε
1013 741 1121 808 δοκέει

113 840 199 910 εἶναι
231 854 318 909 τοῖσι
349 851 438 908 σοῖσι
464 845 632 929 πρήγμασι
658 843 961 931 προσφερέστερον,
993 848 1121 930 φράσω.

113 949 252 1035 βασιλέα
279 946 341 1035 μὲν
367 947 423 1013 καὶ
449 951 634 1036 στρατηγὸν
656 951 755 1037 χρεὸν
777 945 867 1017 εἶναί
886 975 971 1036 φημι
993 951 1123 1036 βασιλέι

113 1079 148 1121 τε
175 1053 231 1121 καὶ
263 1063 434 1144 στρατηγῷ
464 1054 730 1142 προσφέρεσθαι·
760 1058 804 1140 ήν
834 1080 870 1123 τε
896 1059 959 1143 γάρ
986 1055 1122 1143 κατέλῃς

113 1162 223 1245 ἀνδρα
250 1163 450 1246 στρατηγόν,
478 1159 562 1246 μέγα
588 1185 641 1228 τοι
662 1165 799 1247 γίνεται,
821 1160 876 1229 καὶ
899 1164 1051 1249 δεύτερα,
1078 1164 1122 1248 ἣν

114 1263 152 1333 σέ
184 1265 323 1350 ἐκεῖνος,
352 1268 390 1332 τὸ
417 1268 462 1352 μή
489 1266 635 1352 γένοιτο,
667 1268 732 1334 ὑπὸ
760 1267 932 1354 ἀξιοχρέου
958 1267 1013 1335 καλ
1042 1270 1122 1334 άπο-

114 1379 234 1438 θανεῖν
256 1372 374 1457 ἡμίσεα
397 1377 570 1461 συμφορή·
592 1371 693 1459 ήμέας
716 1371 753 1440 δὲ
775 1377 853 1452 τοὺς
875 1373 1038 1460 ὑπηρέτας
1056 1372 1122 1439 ἑτέ-

114 1481 208 1563 ροισί
226 1500 261 1544 τε
283 1477 465 1564 ὑπηρέτῃσι
482 1478 734 1565 προσφέρεσθαι
750 1477 807 1545 καὶ
824 1481 907 1566 πρὸς
925 1481 1039 1546 ἵππον·
1061 1489 1121 1544 τοῦ

113 1588 157 1650 σύ
189 1585 247 1661 τὰς
273 1585 420 1668 μηχανάς
451 1581 556 1669 μηδὲν
583 1589 750 1671 φοβηθῇς·
780 1585 843 1670 έγδο
870 1586 934 1670 γάρ
961 1609 1014 1652 τοι
1041 1586 1121 1652 ὑπο-

115 1688 252 1774 δέκομαι
278 1692 323 1773 μή
346 1713 404 1774 μιν
426 1689 549 1775 ἀνδρὸς
571 1693 619 1756 έτι
641 1715 679 1774 γε
702 1693 845 1775 μηδενὸς
867 1695 1048 1774 στήσεσθαι
1070 1691 1122 1756 έν-

114 1800 237 1862 αντίον.
273 1804 376 1860 ταῦτα
394 1789 474 1880 είπε,
498 1793 553 1862 καὶ
571 1800 746 1880 μεταυτίκα
764 1796 942 1881 συνέμισγε
958 1799 999 1862 τά
1017 1813 1174 1880 &voa-112

114 1903 237 1967 τόπεδα
264 1903 341 1986 πεζή
370 1898 426 1966 καὶ
451 1903 564 1984 νηυσί·
591 1900 692 1986 νηυσί
720 1899 781 1985 μέν
803 1927 867 1968 νυν
889 1903 1004 1980 Ἴωνες
1026 1905 1122 1986 άκροι

114 2009 291 2092 γενόμενοι
312 2007 436 2090 ταύτην
458 2007 520 2090 τήν
539 2005 666 2091 ἡμέρην
684 2007 926 2092 ὑπερεβάλοντο
945 2012 1023 2086 τοὺς
1043 2011 1122 2073 Φοί-

115 2139 225 2197 νικας,
256 2109 312 2178 καὶ
341 2113 470 2177 τούτων
497 2113 621 2196 Σάμιοι
647 2112 859 2197 ήρίστευσαν·
889 2117 967 2197 πεζή
995 2110 1048 2196 δέ,
1078 2114 1123 2190 ὡς

115 2225 266 2303 συνῆλθε
292 2220 332 2283 τά
357 2220 577 2304 στρατόπεδα,
600 2221 810 2304 συμπεσόντα
832 2219 1001 2304 ἐμάχοντο.
1040 2221 1122 2285 κατὰ

115 2324 154 2393 δέ
167 2329 246 2403 τοὺς
264 2327 467 2408 στρατηγούς
485 2323 692 2410 ἀμφοτέρους
709 2325 788 2390 τάδε
806 2325 945 2408 ἐγίνετο·
963 2327 1008 2403 ὡς
1020 2342 1122 2412 προσ-

116 2430 253 2517 εφέρετο
276 2431 358 2514 πρὸς
378 2431 439 2495 τὸν
458 2426 630 2512 Ὀνήσιλον
648 2429 667 2495 ὁ
683 2427 853 2513 Ἀρτύβιος
871 2427 923 2496 έπὶ
940 2439 1002 2495 τοῦ
1020 2431 1122 2496 ἵππου

115 2540 307 2621 κατήμενος,
327 2535 345 2600 ὁ
361 2530 529 2618 Ὀνήσιλος
545 2537 628 2601 κατὰ
646 2538 853 2617 συνεθήκατο
871 2544 916 2623 τῷ
936 2537 1121 2620 ὑπασπιστῇ

115 2645 206 2708 παίει
215 2642 490 2726 προσφερόμενον
500 2641 630 2724 [αὑτὸν]
640 2643 699 2706 τὸν
710 2638 1122 2726 Ἀρτύβιον·έπιβαλύντος

117 2745 155 2814 δὲ
181 2755 243 2812 τοῦ
269 2747 371 2812 ’ίππου
397 2749 475 2823 τοὺς
502 2748 606 2824 πόδας
632 2745 685 2812 ἐπὶ
712 2747 774 2829 τήν
792 2743 966 2829 Ὀνησίλου
988 2746 1121 2829 ἀσπίδα,

117 2852 265 2919 ἐνθαῦτα
288 2851 398 2936 ὑΚάρ
421 2852 572 2940 δρεπάνῳ
597 2851 720 2934 πλήξας
742 2851 925 2935 ἀπαράσσει
941 2859 1002 2915 τοῦ
1019 2851 1121 2916 ἵππου

116 2961 197 3036 τοὺς
219 2959 330 3034 πόδας.
372 2955 543 3043 Ἀρτύβιος
566 2953 626 3040 μέν
649 2959 690 3040 δή
714 2956 732 3022 ὑ
752 2957 932 3042 στρατηγὸς
950 2957 1017 3020 τῶν
1035 2960 1122 3038 Περ-

118 3064 205 3130 σέων
228 3063 313 3147 ὁμοῦ
335 3065 379 3148 τῷ
404 3063 491 3150 ἵππω
514 3065 624 3127 πίπτει
647 3061 750 3127 αὐτοῦ
772 3063 891 3146 ταύτῃ·
918 3059 1175 3145 μαχομένωνιιε

119 3169 156 3236 δὲ
177 3167 234 3234 καί
256 3179 323 3233 τῶν
346 3169 456 3234 ἄλλων
474 3170 669 3254 Στησήνωρ,
692 3167 856 3251 τύραννος
878 3165 942 3231 έδιν
960 3169 1121 3250 Κουρίου,

118 3276 278 3362 προδιδοῖ
301 3277 386 3358 ἔχων
414 3274 559 3358 δύναμιν
586 3273 719 3356 ἀνδρῶν
739 3268 816 3355 περὶ
839 3269 963 3338 έωυτδν
986 3271 1027 3337 ού
1051 3289 1122 3356 σμι-

118 3385 211 3467 κρήν.
258 3379 293 3446 οί
317 3376 355 3445 δὲ
376 3377 536 3465 Κουριέες
563 3373 657 3443 οὑτοι
683 3375 835 3460 λέγονται
862 3372 948 3442 εἶναι
967 3371 1122 3462 Ἀργείων

119 3488 260 3554 ἄποικοι.
305 3486 500 3571 προδόντων
523 3481 561 3549 δέ
581 3493 648 3548 τῶν
671 3481 845 3568 Κουριέων
867 3483 983 3548 αὐτίκα
1005 3480 1123 3548 καὶτὰ
