2678 3968
211 263 278 326 284
620 256 804 313 HERODOTI

212 406 249 470 ἓν
277 399 314 469 δέ
341 406 442 479 ἐθνος
468 403 505 467 τὸ
530 399 693 487 ’Λχαιίκὸν
719 400 756 466 ἐκ
779 397 840 484 μὲν
861 400 1121 481 Πελοποννήσου
1148 394 1209 460 ούκ

213 508 400 592 ἐξεχώρησε,
424 508 460 574 ἐκ
482 507 594 592 μέντοι
615 517 673 590 τῆς
695 505 837 588 ἑωυτῶν,
861 504 959 571 οίκέει
981 501 1018 569 δὲ
1035 505 1096 586 τήν
1114 501 1210 566 ἀλλο-

212 615 317 697 τρίην.
352 615 393 680 τδι
415 611 452 679 δὲ
474 615 572 679 λοιπά
594 616 696 678 ἔθνεα
717 623 785 676 τῶν
808 611 887 677 ἑπτά
905 610 1042 695 τέσσερα
1064 608 1211 692 ἐπήλυδά

213 716 293 800 ἐστι’,
307 717 452 804 Δωριέες
469 741 504 782 τε
521 715 576 782 καὶ
589 715 734 783 Αἰτωλοὶ
751 715 805 782 καὶ
819 717 973 800 Δρύοπες
989 711 1044 778 καὶ
1058 715 1209 797 Λήμνιοι.

213 823 375 906 Δωριέων
396 820 458 907 μὲν
479 825 601 887 πολλαί
620 845 655 886 τε
677 819 732 886 καὶ
754 824 884 907 δόκιμοι
903 823 1028 902 πόλιες,
1050 821 1210 884 Αἰτωλῶν
1313 897 1318 918 ⁴

214 925 251 993 δέ
269 919 362 1005 Ἦλις
382 929 502 1012 μούνη,
525 929 692 1012 Δρυόπων
716 925 753 992 δέ
769 924 913 1013 Ἑρμιών
933 949 969 991 τε
990 923 1045 991 καὶ
1060 922 1210 1007 ’Λσίνηὴ
1318 951 1319 990 ;

212 1033 295 1118 πρὸς
321 1034 526 1118 Καρδαμύλη
552 1041 592 1117 τῇ
619 1037 809 1116 Λακωνικῇ,
835 1035 996 1115 Λημνίων
1028 1027 1065 1096 δὲ
1093 1035 1210 1115 Παρω·

214 1147 327 1223 ρεήται
356 1138 483 1215 πάντες.
528 1139 564 1202 οί
593 1135 630 1203 δὲ
656 1137 841 1221 Κυνούριοι
872 1137 1073 1221 αὐτόχθονες
1103 1135 1212 1211 ἐόντες

214 1242 369 1309 δοκέουσι
396 1252 516 1327 μοῦνοι
538 1237 624 1307 εἶναι
643 1241 771 1324 Ἴωνες,
795 1241 1065 1327 ἐκδεδωρίευνται
1087 1239 1124 1306 δὲ
1145 1241 1212 1306 ὑπό

213 1370 249 1414 τε
268 1342 423 1431 ’Λργείων
446 1348 622 1433 ἀρχόμενοι
643 1345 698 1412 καὶ
719 1355 780 1412 τοῦ
800 1350 935 1432 χρόνου,
957 1346 1067 1424 ἐόντες
1084 1343 1213 1432 Ὀρνεῆ-

214 1476 269 1517 ται
299 1451 353 1517 καὶ
380 1455 549 1538 περίοικοι.
593 1454 722 1518 τούτων
749 1449 796 1517 ὧν
822 1463 889 1516 τῶν
917 1450 995 1516 ἑπτά
1024 1451 1151 1517 ἐθνέων
1178 1454 1213 1516 αι’

215 1556 326 1622 λοιπαὶ
357 1561 484 1640 πόλιες,
519 1557 619 1643 πάρεξ
651 1568 718 1623 τῶν
748 1555 916 1638 κατέλεξα,
953 1557 989 1622 ἐκ
1018 1565 1079 1623 τοῦ
1109 1555 1213 1641 μέσου

215 1661 363 1727 κατέατο·
386 1665 417 1727 εί
439 1660 476 1727 δὲ
498 1661 681 1747 ἐλευθέρως
703 1662 805 1740 ἔξεστι
828 1663 946 1743 εἰπεῖν,
971 1661 1007 1727 ἐκ
1027 1671 1088 1726 τοῦ
1109 1661 1213 1746 μέσου

215 1770 391 1851 κατήμενοι
413 1767 574 1852 ἐμήδιζον.

163 1898 198 1948 74
305 1873 350 1938 Οί
369 1869 430 1957 μὲν
452 1874 494 1956 δή
517 1873 554 1938 ἐν
575 1880 620 1960 τῷ
641 1867 762 1959 Ἰσθμῷ
785 1872 925 1960 τοιούτω
947 1875 1039 1960 πόνῳ
1056 1872 1215 1938 συνέστα-
1322 1913 1323 1924 1

216 1993 296 2061 σαν,
324 1979 380 2043 ἀτε
405 1975 480 2063 περὶ
506 1985 567 2042 τοῦ
588 1978 711 2053 παντὸς
732 1978 796 2060 ήδη
819 1975 907 2062 (τὸν)
930 1978 1056 2062 δρόμον
1076 1976 1216 2056 θέοντες

216 2082 272 2147 καὶ
293 2093 367 2169 τῇσι
389 2081 489 2166 νηυσὶ
511 2082 572 2147 οὐκ
594 2081 777 2159 ἐλπίζοντες
799 2081 1039 2165 ἐλλάμψεσθαι·
1062 2083 1097 2149 οί
1117 2081 1154 2148 δέ
1176 2085 1216 2149 ἐν

216 2192 383 2273 Σαλαμῖνι
413 2189 501 2272 ὅμως
531 2196 634 2252 ταῦτα
660 2189 910 2272 πυνθανόμενοι
936 2188 1120 2273 ἀρρώδεον,
1152 2189 1217 2255 οὐκ

218 2292 304 2357 οὕτω
322 2291 397 2378 περὶ
411 2296 506 2375 σφίσι
524 2293 654 2358 αὐτοῖσι
672 2293 895 2376 δειμαίνοντες
914 2293 957 2370 ὡς
970 2291 1045 2379 περὶ
1057 2303 1096 2379 τῇ
1111 2300 1215 2361 Πελο·

217 2399 383 2484 ποννήσρν.
426 2397 506 2473 τέως
532 2395 592 2482 μέν
622 2399 663 2479 δή
691 2397 800 2463 αὐτῶν
824 2397 907 2482 ἀνὴρ
931 2398 1028 2483 ἀνδρὶ
1048 2403 1218 2486 παραστὰς

218 2510 294 2586 σιγῇ
312 2505 413 2585 λόγον
431 2501 584 2584 ἐποιέετο,
602 2508 701 2587 θῶμα
719 2503 908 2587 ποιεύμενοι
925 2505 986 2587 τήν
998 2504 1217 2590 Εὐρυβιάδεω

219 2607 392 2692 ἀβουλίην·
410 2607 503 2684 τέλος
521 2603 557 2673 δέ
575 2605 730 2693 ἐξερράγη
750 2608 782 2684 ἐς
800 2610 837 2674 τὸ
856 2609 967 2694 μέσον.
1003 2611 1163 2695 σύλλογός
1180 2637 1218 2678 τε

220 2715 262 2798 δή
285 2714 409 2798 ἐγίνετο
432 2711 486 2778 καὶ
509 2715 614 2778 πολλὰ
636 2712 763 2796 ἐλέγετο
785 2712 860 2797 περὶ
877 2726 944 2780 τῶν
963 2715 1082 2798 αὐτῶν,
1106 2718 1141 2782 οί
1155 2715 1221 2801 μέν

220 2821 265 2898 ὡς
296 2821 329 2898 ἐς
358 2822 420 2904 τήν
450 2821 709 2901 Πελοπόννησον
739 2821 838 2904 χρεὸν
870 2827 920 2904 είη
957 2821 1131 2887 ἀποπλέειν
1161 2821 1220 2890 καὶ

219 2925 294 3012 περὶ
317 2926 444 3009 ἐκείνης
459 2925 679 3006 κινδυνεύειν,
703 2921 786 3008 μηδὲ
804 2926 868 3008 πρὸ
886 2927 995 3011 χώρης
1013 2928 1221 3012 δοριαλώτου

221 3032 380 3116 μένοντας
410 3031 587 3115 μάχεσθαι,
614 3027 785 3112 Ἀθηναῖοι
817 3027 855 3096 δέ
880 3030 936 3097 καὶ
962 3034 1137 3115 Λίγινήται
1162 3031 1220 3098 καὶ

166 3158 202 3210 τι
221 3135 389 3220 Μεγαρέες
411 3136 514 3201 αὐτοῦ
537 3135 696 3219 μένοντας
718 3134 912 3220 ἀμύνεσθαι.
958 3137 1104 3203 ἐνθαῦτα
1121 3142 1221 3222 Θεμι-

221 3243 375 3325 στοκλέης
403 3242 447 3318 ὡς
470 3240 608 3307 ἑσσοῦτο
630 3249 670 3325 τῇ
691 3243 806 3328 γνώμη
829 3242 893 3308 ὑπὸ
916 3254 983 3308 τῶν
1006 3248 1220 3325 Πελοποννη-

220 3351 319 3430 σίων,
342 3347 457 3412 λαθὼν
480 3347 641 3432 ἐξέρχεται
664 3345 699 3411 ἐκ
720 3357 781 3412 τοῦ
803 3349 992 3432 συνεδρίου,
1016 3348 1159 3427 ἐξελθὼν
1182 3347 1221 3414 δέ

220 3451 338 3537 πέμπει
370 3451 403 3528 ἐς
428 3449 469 3516 ’τὸ
500 3452 722 3538 στρατόπεδον
748 3455 785 3518 τὸ
812 3456 944 3538 Μήδων
970 3455 1076 3537 ἀνδρα
1104 3456 1220 3542 πλοίῳ,
