2640 3960
187 285 230 351 62
599 280 788 338 Ηειιοοοτι

186 430 401 512 Σαλαμινίων
432 429 666 511 πολεμιστήρια
703 426 831 511 ἅρματα
857 425 963 492 τώυτὸ
991 436 1079 493 τοῖσι
1104 425 1195 492 Κου-

188 541 295 618 ριεῦσι
327 532 465 598 ἐποίεον.
511 531 698 616 γινομένων
730 528 767 597 δέ
803 532 931 596 τούτων
960 529 1197 617 κατυπέρτεροι

187 635 273 713 ἦσαν
302 639 337 704 οἱ
357 637 485 724 Πέρσαι
511 648 579 703 τῶν
604 641 775 722 Κυπρίων.
819 635 1044 722 τετραμμένου
1070 633 1109 704 δέ
1133 645 1200 704 τοῦ

188 744 413 830 στρατοπέδου
436 745 531 808 ἄλλοι
552 766 588 808 τε
611 745 730 808 ἐπεσον
752 740 870 807 πολλοὶ
891 741 946 807 καὶ
969 743 1010 827 δὴ
1033 741 1088 808 καὶ
1103 741 1197 827 Ὀνή-

188 853 280 929 σιλός
305 873 339 917 τε
367 849 385 916 δ
409 849 562 934 Χέρσιος,
590 849 627 925 ὅς
653 870 713 930 περ
741 851 802 932 τὴν
824 852 985 934 Κυπρίων
1013 849 1196 914 ἀπόστασιν

189 956 316 1042 ἔπρηξε,
340 953 394 1021 καὶ
418 955 436 1020 δ
456 958 590 1019 Σολίων
612 957 767 1037 βασιλεὺς
783 952 1074 1041 Ἀριστόκυπροςὸ
1095 959 1197 1020 Φιλο-

188 1063 327 1146 κύπρου,
349 1062 562 1144 Φιλοκύπρου
581 1056 618 1124 δέ
635 1061 756 1125 τούτου
774 1062 833 1125 τὸν
847 1063 967 1126 Σόλων
985 1060 1003 1125 ὁ
1018 1059 1199 1146 Ἀθηναῖος

189 1167 386 1256 ἀπικόμενος
408 1165 441 1243 ἐς
454 1166 595 1250 Κύπρον
615 1164 652 1232 ἐν
671 1168 762 1231 ἔπεσι
780 1171 891 1232 αίνεσε
908 1166 1084 1250 τυράννων
1102 1168 1198 1252 μόλι-

139 1291 188 1341 114
199 1289 268 1338 στα.
288 1270 461 1356 Ὀνησίλου
475 1269 537 1356 μέν
550 1294 615 1336 νυν
625 1268 852 1354 Ἀμαθούσιοι,
867 1271 918 1336 ὅτι
931 1271 1035 1356 σφέας
1047 1271 1197 1358 ἐπολιόρ·

188 1395 279 1461 κησε,
293 1378 514 1462 ἀποταμόντες
531 1377 593 1460 τὴν
606 1376 753 1460 κεφαλὴν
767 1376 923 1462 ἐκόμισαν
937 1377 971 1454 ἐς
985 1375 1197 1461 Ἀμαθοῦντα

188 1487 248 1550 καί
273 1509 330 1570 μιν
359 1483 584 1567 ἀνεκρέμασαν
611 1478 694 1567 ὑπὲρ
717 1491 784 1546 τῶν
806 1482 947 1548 πυλέων.
991 1483 1195 1569 κρεμαμένης

190 1587 227 1654 δέ
254 1599 311 1673 τῆς
336 1593 482 1673 κεφαλῆς
507 1586 562 1653 καὶ
588 1589 653 1672 ἤδη
681 1586 800 1671 ἐούσης
826 1592 939 1672 κοίλης
965 1587 1064 1673 ἐσμὸς
1085 1595 1198 1674 μελισ-

190 1694 276 1760 σέων
303 1693 401 1770 ἐσδὺς
428 1693 461 1770 ἐς
488 1694 593 1777 αὐτὴν
624 1696 750 1780 κηρίων
777 1717 836 1778 μιν
863 1692 1029 1777 ἐνέπλησε.
1074 1697 1197 1762 τούτου

191 1797 228 1866 δέ
254 1799 436 1884 γενομένου
464 1801 619 1866 τοιούτου
646 1798 821 1886 (ἐχρέωντο
848 1800 912 1884 γάρ
939 1797 1014 1884 περὶ
1040 1801 1142 1886 αὐτῆς
1164 1803 1201 1868 οί

187 1903 417 1992 Ἀμαθούσιοι)
450 1904 637 1990 ἐμαντεύθη
669 1922 730 1990 σφι
761 1907 822 1988 τὴν
854 1900 915 1989 μέν
946 1907 1094 1990 κεφαλὴν
1121 1931 1198 1973 κατ-

191 2016 325 2090 ελόντας
350 2011 472 2095 θύιγαι,
497 2009 654 2099 Ὀνησίλῳ
683 2008 721 2076 δὲ
742 2012 842 2076 θύειν
870 2011 914 2087 ὡς
936 2011 1021 2096 ἥρωι
1043 2012 1108 2077 ἀνά
1129 2023 1197 2079 πᾶν

191 2122 276 2201 έτος,
308 2122 366 2184 καί
399 2135 459 2202 σφι
494 2127 624 2183 ποιεῦσι
659 2125 762 2182 ταῦτα
797 2117 935 2200 ἀμεινον
967 2121 1196 2186 συνοίσεσθαι.

140 2220 413 2306 ττεἈμαθούσιοι
448 2222 509 2307 μέν
544 2246 608 2287 νυν
644 2221 776 2288 ἐποίευν
812 2230 915 2286 ταῦτα
946 2220 1001 2287 καὶ
1031 2225 1069 2288 τὸ
1101 2223 1198 2310 μέχρι

191 2327 283 2412 ἐμεῦ,
306 2327 420 2404 Ἴωνες
450 2325 487 2392 δέ
519 2328 554 2392 οί
582 2326 622 2394 ἐν,
641 2327 767 2414 Κύπρφ
794 2329 1063 2412 ναυμαχήσαντες
1090 2329 1197 2396 ἐπείτε

191 2436 319 2517 ἔμαθον
346 2433 385 2496 τά
411 2434 584 2516 πρήγματα
614 2433 654 2496 τά
678 2429 852 2515 Ὀνησίλου
881 2433 1112 2520 διεφθαρμένα
1139 2435 1196 2504 καὶ
1303 2471 1304 2496 1

191 2540 248 2614 τάς
282 2539 378 2613 πόλις
407 2547 474 2601 τῶν
500 2539 661 2620 Κυπρίων
692 2538 972 2623 πολιορκευμένας
1006 2542 1064 2617 τὰς
1095 2543 1198 2620 ἀλλας

191 2644 277 2727 πλὴν
291 2647 490 2726 Σαλαμῖνος,
509 2643 632 2726 ταύτην
651 2639 688 2708 δέ
701 2645 819 2731 Γόργῳ
837 2652 882 2732 τῷ
901 2645 1049 2734 προτέρῳ
1068 2647 1199 2730 βασιλέϊ

191 2752 270 2826 τοὺς
301 2751 526 2833 Σαλαμινίους
557 2751 781 2834 παραδόντας,
818 2750 935 2816 αὐτίκα
967 2754 1133 2836 μαθόντες
1164 2755 1200 2820 οέ
1301 2799 1302 2850 χ

191 2854 306 2932 Ἴωνες
336 2864 437 2920 ταῦτα
469 2853 631 2920 ἀπέπλεον
662 2855 696 2932 ἐς
717 2856 779 2939 τὴν
806 2851 946 2940 Ἰωνίην.
990 2869 1057 2922 τῶν
1090 2858 1128 2924 δέ
1159 2860 1196 2926 ἐν

191 2963 318 3050 Κύπρῳ
345 2963 471 3027 πολίων
498 2959 632 3045 ἀντέσχε
658 2963 781 3046 χρόνον
808 2959 861 3026 ἐπὶ
887 2967 1041 3029 πλεῖστον
1062 2971 1196 3052 πολιορ-
1300 3039 1301 3052 χ

192 3067 332 3153 κευμένη
365 3070 484 3148 Σόλοι,
520 3067 581 3150 την
617 3066 709 3152 πέριξ
741 3067 987 3153 ὑπορύσσοντες
1016 3071 1054 3136 τὸ
1090 3083 1196 3156 τεῖχος

192 3173 325 3260 πέμπτῳ
348 3171 427 3257 μηνὶ
450 3164 539 3238 εἷλον
563 3173 598 3238 οί
618 3171 754 3258 Πέρσαι.

142 3297 191 3346 116
280 3279 426 3364 ,Κύπριοι
462 3274 522 3363 μέν
559 3279 600 3361 δὴ
634 3277 787 3344 ἐνιαυτὸν
818 3277 991 3365 ἐλεύθεροι
1021 3284 1196 3366 γενόμενοι

194 3378 285 3460 αὖτις
307 3383 343 3450 ἐκ
360 3382 437 3467 νέης
454 3384 755 3449 κατεδεδούλωντο·
777 3388 950 3469 Δαυρίσης
968 3382 1005 3451 δὲ
1024 3390 1108 3471 ἔχων
1127 3394 1196 3453 Δα-

194 3492 286 3577 ρείου
317 3489 485 3576 θυγατέρα
520 3487 575 3554 καὶ
603 3485 734 3573 Ὑμαίης
764 3511 799 3554 τε
834 3490 889 3555 καὶ
917 3487 1064 3576 Ὀτάνης,
1102 3495 1196 3559 όίλλοι
