2640 3960
135 249 139 259 ’
205 286 248 348 86
618 276 808 333 Ηεεοοονι

205 431 279 493 ίστα
296 426 330 503 ἐς
347 425 404 502 τάς
422 427 545 501 πόλιας.
578 431 680 488 ταῦτα
703 418 741 487 δέ
762 423 902 504 ποιήσας
924 421 1075 505 ἠπείγετο
1101 420 1136 497 ἐς
1153 421 1216 486 τὸν

200 531 452 616 Ἑλλήσποντον.
466 530 511 607 ὡς
526 527 563 594 δὲ
577 527 762 613 συνελέχθη
777 525 838 611 μὲν
851 535 959 612 χρῆμα
972 527 1097 592 πολλὸν
1112 537 1214 609 νεῶν,

205 639 389 723 συνελέχθη
405 634 508 703 δὲκαὶ
522 637 616 714 πεζὸς
637 635 775 720 στρατὸς
792 637 924 716 πολλός,
946 633 1119 716 διαβάντες
1138 641 1215 718 τῇσι

118 806 121 812 .
204 743 304 829 νηυσὶ
322 746 381 810 τὸν
394 739 638 825 Ἑλλήσποντον
662 740 863 826 ἐπορεύοντο
889 740 944 804 διὰ
961 748 1018 823 τῆς
1036 739 1214 824 Εὐρώπης,

153 872 187 920 44
206 852 405 936 ἐπορεύοντο
425 845 461 914 δὲ
480 848 535 913 ἐπί
550 870 584 912 τε
600 843 769 932 Ἐρέτριαν
787 843 842 911 καὶ
861 840 1012 928 Ἀθήνας.
1037 840 1135 909 αὗται
1153 841 1215 930 μὲν

205 955 253 1024 ὧν
272 975 332 1042 σφι
351 958 523 1042 πρόσχημα
541 949 627 1037 ήσαν
645 961 705 1018 τοῦ
724 955 855 1034 στόλου,
874 952 956 1037 ἀτάρ
975 951 1012 1016 ἐν
1030 954 1098 1038 νόφ
1122 954 1215 1035 έχον-

204 1089 257 1142 τες
279 1065 359 1140 ὅσας
381 1061 423 1126 ἀν
449 1065 602 1136 πλείστας
632 1059 798 1124 δύνωνται
825 1057 1113 1142 καταστρέφεσθαι
1145 1068 1213 1122 τῶν

201 1169 403 1254 Ἑλληνίδων
425 1170 562 1249 πολίων,
585 1175 683 1231 τοῦτο
707 1162 767 1250 μέν
791 1165 832 1247 δή
855 1173 929 1248 τῇσι
947 1162 1047 1246 νηυσὶ
1066 1166 1215 1240 Θασίους

207 1273 286 1343 οὐδὲ
308 1285 418 1360 χεῖρας
444 1271 721 1357 ἀνταειραμένους
748 1269 1023 1355 κατεστρέψαντο,
1053 1278 1153 1334 τοῦτο
1178 1266 1215 1334 δὲ

206 1391 251 1469 τῷ
283 1384 365 1468 πεζῷ
394 1379 591 1454 Μακεδόνας
618 1379 701 1461 πρὸς
731 1388 817 1444 τοῖσι
851 1376 1036 1461 ὑπάρχουσι
1072 1375 1216 1452 δούλους

206 1487 484 1572 προσεκτήσαντο·
507 1484 546 1547 τὰ
564 1485 628 1568 γάρ
647 1482 739 1559 ἐντὸς
757 1485 965 1548 Μακεδόνων
985 1484 1087 1546 ἐθνεα
1105 1482 1214 1546 πάντα
1304 1531 1305 1568 ,

207 1611 268 1678 σφι
289 1588 332 1676 ήν
350 1592 413 1674 ήδη
433 1590 604 1673 ὑποχείρια
622 1591 792 1672 γεγονότα.
817 1588 852 1653 ἐκ
870 1585 931 1672 μέν
951 1588 992 1670 δή
1011 1587 1125 1652 Θάσου
1145 1589 1215 1652 δια·
1304 1589 1305 1594 ’

129 1694 134 1702 ’
207 1701 364 1784 βαλόντες
393 1695 497 1781 πέρην
526 1694 590 1759 ὑπὸ
620 1695 681 1777 τήν
719 1696 857 1778 ήπειρον
894 1693 1082 1778 ἐκομίζοντο
1120 1694 1216 1778 μέχρι

205 1804 382 1885 Ἀκάνθου,
406 1801 441 1867 ἐκ
464 1797 501 1866 δὲ
519 1795 682 1865 Ἀκάνθου
700 1799 887 1884 ὁρμώμενοι
904 1800 963 1863 τὸν
972 1798 1090 1864 ’Ἁθων
1108 1800 1215 1884 περιέ-

208 1915 340 1996 βαλλον.
356 1908 518 1974 ἐπιπεσὼν
530 1906 569 1972 δέ
576 1905 853 1991 σφιπεριπλέουσι
863 1905 1107 1990 βορέηςάνεμος
1116 1906 1216 1989 μέγας

207 2042 242 2083 τε
265 2014 319 2082 καὶ
342 2016 466 2099 ἀπορος
487 2014 590 2100 κάρτα
608 2010 751 2098 τρηχέως
772 2010 925 2094 περιέσπε
948 2015 1071 2094 πλήθει·
1088 2015 1213 2090 πολλὰς

207 2135 275 2188 τῶν
297 2133 383 2187 νεῶν
403 2120 570 2204 ἐκβάλλων
587 2121 670 2203 πρὸς
687 2117 881 2182 τὸνἍθων.
905 2117 1032 2201 λέγεται
1051 2121 1114 2204 γάρ
1134 2122 1215 2184 κατὰ

208 2230 396 2313 τριηκοσίας
414 2223 475 2310 μὲν
492 2236 560 2290 τῶν
577 2235 664 2290 νεῶν
681 2225 738 2300 τάς
757 2225 1000 2307 διαφθαρείσας
1014 2219 1110 2306 εἶναι,
1131 2222 1214 2309 ὑπὲρ

210 2329 247 2396 δὲ
270 2333 332 2395 δύο
355 2332 518 2415 μυριάδας
535 2330 738 2415 ἀνθρώπων·
761 2330 844 2394 ὥστε
862 2331 924 2412 γάρ
943 2331 1215 2414 θηριωδεστάτης

210 2437 328 2518 ἐούσης
350 2445 407 2518 τῆς
429 2436 600 2516 θαλάσσης
626 2435 746 2516 ταύτης
772 2444 829 2518 της
856 2433 930 2519 περὶ
962 2436 1022 2501 τὸν
1042 2433 1160 2500 ’Ἀθων
1184 2438 1219 2501 οί
1303 2511 1304 2516 ¹

209 2537 270 2628 μὲν
293 2540 358 2605 ὑπὸ
381 2551 448 2604 τῶν
466 2544 597 2625 θηρίων
616 2540 850 2623 διεφθείροντο
870 2539 1102 2625 ἁρπαζόμενοι,
1126 2543 1162 2606 οἱ
1179 2539 1217 2607 δέ
1303 2525 1304 2532 ¹

208 2650 292 2734 πρὸς
313 2647 371 2724 τάς
392 2644 512 2730 πίτρας
534 2644 768 2730 ἀρασσόμενοι·
792 2648 827 2709 οἳ
849 2642 886 2711 δὲ
910 2647 1020 2712 αὐτῶν
1042 2646 1132 2713 νέειν
1152 2649 1217 2713 οὐκ

209 2753 377 2822 ἐπιστέατο
399 2752 480 2818 κατά
502 2760 600 2816 τοῦτο
624 2752 870 2836 διεφθείροντο,
895 2752 930 2815 οί
946 2749 983 2816 δὲ
1001 2752 1094 2838 ῥίγεϊ.
1120 2750 1217 2837 ὁμὲν

157 2883 192 2932 45
212 2863 252 2946 δή
275 2861 430 2936 ναυτικὸς
452 2859 590 2944 στρατὸς
608 2857 694 2922 ούτω
719 2859 871 2942 ἔπρησσε,
895 2859 1080 2946 Μαρδονίφ
1105 2855 1143 2924 δὲ
1161 2859 1218 2924 καὶ

209 2976 254 3056 τῷ
273 2971 356 3055 πεζῷ
376 2963 704 3050 στρατοπεδευομένῳ
724 2962 761 3028 ἐν
779 2965 972 3049 Μακεδονίη
992 2965 1111 3042 νυκτὸς
1129 2968 1217 3050 Βρύ-

210 3097 263 3157 γοι
278 3075 418 3156 Θρήικες
427 3071 653 3156 ἐπεχείρησαν·
671 3073 729 3135 καί
740 3086 853 3154 σφεων
866 3072 1010 3146 πολλοὺς
1028 3073 1217 3154 φονεύουσι

212 3180 247 3243 οί
257 3179 394 3262 Βρύγοι,
415 3179 614 3262 Μαρδόνιον
633 3172 670 3241 δέ
689 3176 791 3240 αὐτὸν
813 3177 1059 3260 τρωματίζουσι.
1090 3177 1132 3240 οὐ
1156 3176 1218 3261 μὲν
1302 3231 1303 3258 ,

214 3279 293 3348 οὐδὲ
303 3279 398 3346 αὐτοὶ
413 3283 624 3365 δουλοσύνην
639 3281 800 3365 διέφυγον
809 3281 892 3364 πρὸς
902 3279 1072 3364 Περσέων·
1097 3283 1217 3368 οὐγὰρ

214 3390 255 3473 δὴ
278 3390 441 3473 πρότερον
463 3388 628 3469 ἀπανέστη
652 3387 776 3451 ἐκτῶν
802 3383 937 3470 χωρέων
963 3387 1092 3450 τούτων
1121 3393 1218 3472 Μαρ-

216 3497 328 3573 δόνιος
351 3492 430 3581 πρὶν
451 3496 473 3578 ή
496 3511 599 3576 σφεας
621 3493 830 3577 ὑποχειρίους
857 3489 1041 3572 ἐποιήσατο.
1077 3495 1218 3571 τούτους
