2572 3980
421 252 757 310 ωαωῃο
1071 260 1092 323 3

88 395 152 460 ὑπό
180 418 215 460 τε
243 395 377 482 ἀνδρῶν
405 393 460 460 καὶ
482 407 650 480 γυναικῶν
673 399 828 482 σφάζεται
850 399 884 476 ἐς
904 403 964 466 τὸν
985 402 1093 485 τάφον

88 501 152 566 ὑπὸ
166 511 229 566 τοῦ
243 502 450 584 οἰκηιοτάτου
466 499 598 586 ἑωυτῆς,
617 510 804 587 σφαχθεῖσα
819 502 856 570 δὲ
870 507 1093 574 συνθάπτεται

87 615 132 693 τῷ
161 607 275 692 ἀνδρί·
303 607 341 672 αί
365 605 402 672 δὲ
425 609 520 674 άλλαι
543 610 720 694 συμφορὴν
743 611 887 694 μεγάλην
909 621 1093 678 ποιεῦνται·

88 713 220 789 ὄνειδος
240 713 304 800 γάρ
328 730 388 798 σφι
410 723 508 779 τοῦτο
531 714 687 800 μέγιστον
708 719 842 799 γίνεται.

180 821 255 883 Τῶν
278 817 315 884 δὲ
338 821 379 904 δὴ
403 822 513 886 ἄλλων
535 824 689 906 Θρηίκων
711 821 780 888 ἐστὶ
803 823 861 887 ὅδε
882 825 997 907 νόμος·
1025 844 1126 892 πω-σ

86 921 202 989 λέουσι
224 923 384 991 τὰτέκνα
407 923 457 991 ἐπ’
484 925 639 1012 ἐξαγωγῇ.
678 928 736 1004 τὰς
755 924 819 1010 [δὲ]
843 927 1034 1014 παρθένους
1051 929 1092 994 οὐ

88 1030 312 1114 φυλάσσουσι,
335 1029 406 1097 ἀλλ’
433 1031 511 1098 ἐῶσι
533 1043 619 1097 τοῖσι
642 1032 737 1098 αὐταὶ
755 1035 933 1117 βούλονται
951 1032 1093 1119 ἀνδράσι

87 1139 276 1218 μίσγεσθαι.
312 1138 370 1214 τὰς
389 1135 426 1202 δὲ
440 1148 598 1222 γυναῖκας
612 1141 754 1224 ἰσχυρῶς
767 1140 990 1223 φυλάσσουσι·
1010 1137 1091 1222 [καί]

88 1241 250 1306 ὠνέονται
280 1244 338 1320 τὰς
368 1254 527 1327 γυναῖκας
552 1246 641 1328 παρά
670 1254 736 1308 τῶν
762 1244 891 1328 γονέων
917 1246 1092 1330 χρημάτων

86 1348 248 1432 μεγάλων.
296 1347 377 1432 [καὶ]
400 1351 437 1415 τὸ
461 1347 522 1434 μέν
544 1349 695 1434 ἐστίχθαι
717 1348 849 1434 εὐγενὲς
870 1349 1029 1435 κέκριται,
1053 1352 1091 1416 τὸ

87 1451 124 1520 δὲ
152 1456 306 1520 άστικτον
333 1453 476 1539 ἀγεννές.
522 1455 625 1541 ἀργὸν
647 1451 733 1521 εἶναι
755 1457 945 1539 κάλλιστον,
971 1465 1032 1540 γῆς
1055 1453 1092 1522 δέ

86 1560 230 1646 ἐργάτην
248 1559 452 1645 ἀτιμότατον.
488 1562 526 1626 τὸ
546 1564 603 1645 ζῆν
620 1561 684 1628 ἀπὸ
701 1561 849 1646 πολέμου
865 1560 920 1627 καὶ
938 1563 1092 1646 ληιστύος

85 1667 272 1732 κάλλιστον.
317 1661 410 1732 οὗτοι
437 1665 497 1752 μέν
525 1684 638 1752 σφεων
665 1669 701 1733 οί
720 1667 973 1751 ἐπιφανέστατοι
994 1670 1092 1752 νόμοι

86 1774 160 1837 είσί.
206 1775 309 1850 θεοὺς
335 1771 373 1838 δὲ
400 1771 554 1856 σέβονται
582 1775 729 1858 μούνους
755 1774 890 1856 τούσδε,
913 1773 1014 1858 ’Ἁρεα
1036 1771 1126 1842 καὶτ

87 1880 261 1943 Διόνυσον
282 1877 338 1943 καί
357 1877 527 1964 Ἄρτεμιν·
557 1879 593 1943 οί
613 1876 649 1944 δέ
672 1877 821 1962 βασιλέες
843 1879 968 1961 αὐτῶν,
991 1878 1091 1964 πάρεξ

86 1995 155 2048 τῶν
173 1985 282 2048 ἄλλων
300 1983 494 2068 πολιητέων,
513 1983 666 2068 σέβονται
684 1981 825 2068 Ἑρμέην
843 1984 982 2068 μάλιστα
1000 1991 1092 2048 θεῶν

86 2087 143 2154 καὶ
174 2089 337 2173 ὀμνύουσι
369 2100 497 2175 μοῦνον
523 2099 644 2156 τοῦτον
674 2087 729 2154 καί
755 2088 890 2172 λέγουσι
916 2088 1091 2172 γεγονέναι

87 2195 151 2259 ἀπὸ
170 2191 295 2278 Ἑρμέω
318 2194 470 2273 ἑωυτούς.
505 2193 608 2280 ταφαὶ
632 2191 669 2260 δὲ
686 2205 772 2260 τοῖσι
790 2195 962 2278 εὐδαίμοσι
981 2195 1091 2260 αὐτῶν
1109 2215 1125 2266 8

86 2298 152 2366 είσὶ
174 2301 260 2366 αἵδε·
283 2313 370 2385 τρεῖς
392 2300 453 2387 μὲν
474 2301 597 2388 ἡμέρας
618 2307 805 2387 προτιθεῖσι
822 2301 882 2365 τὸν
899 2302 1019 2385 νεκρὸν
1037 2299 1091 2366 καὶ

86 2417 228 2472 παντοῖα
260 2406 442 2491 σφάξαντες
470 2408 559 2494 ἱρήια
586 2406 796 2492 εὐωχέονται,
827 2406 1092 2491 προκλαύσαντες

85 2523 235 2598 πρῶτον·
262 2515 371 2578 ἔπειτα
399 2510 436 2579 δέ
461 2514 628 2578 θάπτουσι
653 2513 916 2588 κατακαύσαντες
941 2510 962 2596 ἢ
985 2513 1092 2588 άλλως

84 2628 128 2704 γῇ
154 2609 354 2704 κρύψαντες,
384 2629 476 2704 χῶμα
503 2616 541 2685 δὲ
570 2617 702 2704 χέαντες
728 2618 840 2702 ἀγῶνα
865 2624 989 2683 τιθεῖσι
1010 2641 1091 2681 παν·
1140 2679 1143 2686 ,

84 2736 194 2807 τοῖον,
226 2723 263 2790 ἐν
293 2732 338 2812 τῷ
365 2726 406 2788 τά
432 2723 568 2808 μέγιστα
596 2725 701 2789 άεθλα
728 2727 855 2788 τίθεται
882 2723 963 2788 κατά
989 2723 1091 2803 λόγον

84 2833 319 2917 μουνομαχίης.
364 2827 466 2914 ταφαὶ
488 2826 550 2913 μὲν
573 2831 615 2912 δὴ
638 2832 792 2915 Θρηίκων
814 2827 879 2894 εἰσὶ
901 2829 982 2893 αἵδε.

178 2937 223 3002 Τὸ
252 2934 289 3001 δὲ
314 2937 397 3022 πρὸς
425 2935 532 3019 βορέω
557 2936 604 3000 ἔτι
625 2943 682 3018 τῆς
704 2934 812 3018 χώρης
838 2933 958 3015 ταύτης
981 2931 1125 3009 οὐδεὶςο
1248 2961 1276 3012 ῃ

84 3047 152 3129 ἔχει
170 3041 297 3129 φράσαι
314 3044 351 3107 τὸ
366 3039 507 3127 ἀτρεκές,
527 3038 646 3116 οἵτινές
659 3041 723 3104 είσι
741 3039 915 3122 ἅνθρωποι
929 3035 1091 3115 οἰκέοντες

84 3149 206 3232 αὐτην,
234 3147 316 3212 ἀλλὰ
342 3148 382 3212 τὰ
404 3145 509 3232 πέρην
532 3147 596 3229 ἤδη
619 3153 679 3210 τοῦ
702 3142 836 3227 Ἴστρου
859 3144 979 3227 ἐρημος
1000 3144 1090 3230 χώρη

84 3259 240 3340 φαίνεται
262 3253 363 3318 ἐοῦσα
384 3249 440 3318 καὶ
462 3253 605 3338 ἄπειρος.
642 3249 787 3334 μούνους
810 3244 846 3312 δέ
868 3249 1013 3333 δύναμαι
1029 3272 1090 3314 πυ-

83 3361 212 3428 θέσθαι
235 3357 402 3434 οίκέοντας
423 3356 529 3443 πέρην
551 3365 611 3422 τοῦ
626 3355 760 3441 Ἴστρου
783 3353 983 3439 ἀνθρώπους
1004 3366 1090 3420 τοῖσι

83 3467 214 3555 οὕνομα
233 3461 319 3532 εἶναι
335 3465 515 3548 Σιγύννας,
534 3463 649 3547 ἐσθῆτι
669 3459 706 3527 δὲ
724 3460 930 3598 χρεωμένους
945 3463 1088 3545 Μηδικῇ.

842 3571 855 3618 l
