2678 3970
423 280 486 336 ΜΒ.
504 280 564 336 v11.
597 280 675 336 cAP.
696 287 851 336 ιεε-ιιο.
1078 281 1145 345 219

142 431 239 508 ποινή
261 427 474 512 θεοπρόπους
497 425 530 502 ἐς
548 427 706 510 Δελφοὺς
728 427 788 491 τὸν
805 427 889 491 θεὸν
908 425 1094 512 ἐπειρώτων
1117 430 1152 490 εί

140 546 204 614 σφι
240 531 378 615 άμειυον
409 531 608 616 τιμωρέουσι
639 536 765 615 γίνεται
796 540 835 617 τῇ
863 528 1004 596 Ἑλλάδι.
1055 531 1076 615 ή
1109 527 1147 597 δέ

141 639 258 719 Πυθίη
282 637 494 722 ὑπεκρίνατο·
522 629 561 701 Ὦ
583 641 711 721 νήπιοι,
735 635 958 722 ἐπιμέμφεσθε
981 639 1043 704 ὅσοι
1066 638 1147 716 ὑμῖν

140 741 266 807 ἐκτῶν
288 742 445 830 Μενέλεῳ
469 744 708 828 τιμωρημάτων
730 746 850 820 Μίνως
872 746 992 827 έπεμψε
1016 747 1145 827 μηνίων

141 849 349 934 δακρύματα,
377 849 427 914 ότι
455 850 490 914 οί
509 845 570 934 μὲν
598 849 639 915 οὐ
668 848 948 935 συνεξεπρήξαντο
976 849 1064 937 αὐτῷ
1088 850 1146 915 τὸν

141 952 180 1018 ἐν
198 957 335 1043 Καμικῷ
358 955 508 1020 θάνατον
526 957 719 1040 γενόμενον,
742 956 835 1041 ὑμεῖς
859 953 895 1020 δέ
913 954 1069 1022 ἐκείνοισι
1086 957 1147 1039 τήν
1189 949 1192 956 ⁴

141 1059 179 1125 ἐκ
206 1061 362 1146 Σπάρτης
393 1061 624 1142 ἁρπασθεῖσαν
650 1059 707 1128 ὑπ’
739 1062 861 1148 ἀνδρὸς
887 1063 1058 1148 βαρβάρου
1088 1086 1147 1144 γυ-

141 1177 250 1231 ναῖκα.
296 1175 398 1231 ταῦτα
431 1167 466 1231 οῖ
489 1169 617 1250 Κρῆτες
644 1168 689 1244 ὡς
720 1167 957 1252 ἀπενειχθέντα
987 1169 1146 1251 ήκουσαν,

141 1275 280 1357 ἔσχοντο
309 1281 367 1355 τῆς
389 1273 556 1357 τιμωρίης.
601 1272 729 1356 λέγεται
751 1276 815 1360 γάρ
837 1278 961 1340 Μίνων
982 1274 1065 1338 κατὰ
1088 1275 1202 1356 §vj-170

141 1394 239 1461 τησιν
262 1378 437 1445 Δαιδάλου
461 1379 662 1464 ἀπικόμενον
685 1381 719 1457 ἐς
736 1383 900 1463 Σικανίην
922 1380 984 1463 τήν
1006 1388 1070 1445 νῦν
1089 1383 1149 1443 Σι-
1247 1450 1250 1455 ,

141 1487 255 1568 κελίην
277 1485 482 1569 καλεομένην
505 1485 691 1552 ἀποθανεῖν
714 1491 810 1574 βιαίῳ
833 1487 979 1574 θανάτῳ.
1025 1485 1088 1550 ἀνά
1111 1481 1149 1550 δὲ

141 1593 265 1677 χρόνον
279 1595 412 1675 Κρήτας
425 1598 510 1658 θεοῦ
525 1593 628 1679 σφέας
645 1594 898 1679 ἐποτρύναντος,
920 1592 1044 1668 πάντας
1061 1593 1148 1676 πλήν

143 1696 371 1782 Πολιχνιτέων
388 1720 423 1762 τε
445 1695 501 1762 καὶ
520 1702 705 1782 Πραισίων,
728 1698 947 1784 ἀπικομένους
969 1701 1075 1786 στόλῳ
1093 1722 1149 1782 με-

42 1869 45 1874 .
141 1805 232 1891 γάλῳ
260 1803 293 1880 ές
321 1806 486 1886 Σικανίην
512 1803 720 1888 πολιορκέειν
747 1799 797 1870 ἐπ’
827 1807 900 1870 ἔτεα
926 1803 1023 1870 πέντε
1049 1807 1149 1870 πόλιν

141 1911 305 1993 Καμικόν,
328 1910 389 1992 τήν
411 1906 482 1975 κατ’
508 1905 565 1993 ἐμὲ
584 1908 833 1994 Ἀκραγαντῖνοι
854 1909 1019 1994 ἐνέμοντο.
1056 1910 1149 1988 τέλος

141 2012 180 2081 δὲ
212 2017 254 2080 ού
282 2013 489 2099 δυναμένους
516 2015 592 2080 ούτε
620 2014 707 2080 ἑλεῖν
735 2017 810 2082 ούτε
837 2015 1037 2101 παραμένειν
1063 2022 1147 2104 λιμῶ

143 2131 377 2203 συνεστεῶτας,
397 2120 618 2198 ἀπολιπόντας
636 2127 796 2205 οἴχεσθαι.
828 2121 873 2197 ὡς
891 2118 928 2186 δὲ
945 2124 1026 2187 κατὰ
1041 2117 1148 2204 Ἰηπυ-
1252 2199 1255 2206 ,

141 2232 221 2314 γίην
250 2226 409 2310 γενέσθαι
435 2226 609 2310 πλέοντας,
637 2226 848 2310 ὑπολαβόντα
874 2226 978 2311 σφέας
1004 2239 1148 2313 χειμῶνα

142 2333 247 2419 μέγαν
275 2334 426 2417 ἐκβαλεῖν
453 2332 487 2409 ἐς
513 2333 574 2416 τήν
602 2341 680 2416 γῆν·
712 2330 992 2418 συναραχθέντων
1021 2331 1058 2399 δὲ
1080 2345 1148 2400 τῶν

141 2442 269 2505 πλοίων
288 2436 462 2524 (οὐδεμίαν
479 2437 543 2520 γάρ
562 2454 622 2522 σφι
641 2439 688 2502 ἔτι
706 2439 847 2522 κομιδήν
865 2437 899 2515 ἐς
915 2441 1052 2523 ,Κρήτην
1070 2443 1148 2524 φαί-

141 2543 288 2630 νεσθαι),
307 2543 455 2608 ἐνθαῦτα
468 2539 580 2626 ’Τρίην
597 2546 695 2609 πόλιν
712 2547 886 2621 κτίσαντας
903 2549 1098 2630 καταμεῖναί
1111 2568 1147 2610 τε

141 2651 197 2718 καὶ
221 2652 463 2736 μεταβαλόντας
486 2645 559 2715 ἀντὶ
582 2646 643 2735 μὲν
661 2653 803 2735 Κρητῶν
820 2649 980 2733 γενέσθαι
995 2645 1148 2734 Ἰήπυγας

142 2761 374 2840 Μεσσαπίους,
398 2754 471 2821 ἀντὶ
495 2753 532 2821 δὲ
554 2751 640 2821 εἶναι
662 2757 826 2839 νησιώτας
847 2757 1037 2841 ήπειρῶτας.
1083 2755 1147 2821 ἀπὸ

142 2861 180 2930 δὲ
198 2860 307 2950 ’Τρίης
328 2866 443 2939 πόλιος
460 2864 517 2939 τάς
535 2863 636 2939 άλλας
654 2863 787 2945 οἰκίσαι,
809 2861 867 2937 τάς
885 2862 927 2944 δή
949 2865 1147 2943 Ταραντῖνοι

142 2974 252 3058 χρόνῳ
279 2970 420 3055 ὕστερον
447 2973 559 3055 πολλῷ
583 2967 808 3046 ἐξανιστάντες
830 2965 1073 3049 προσέπταισαν
1091 2989 1147 3048 με-

142 3077 263 3160 γάλως,
286 3077 369 3140 ὥστε
392 3077 497 3161 φόνος
514 3071 705 3156 Ἑλληνικὸς
727 3071 880 3157 μέγιστος
902 3066 999 3147 οὗτος
1018 3072 1059 3154 δή
1078 3070 1146 3154 ἐγέ-

143 3205 218 3246 νετο
241 3182 375 3246 πάντων
397 3190 464 3244 τῶν
490 3179 583 3263 ήμεῖς
606 3179 715 3262 ίδμεν,
739 3177 850 3241 αὐτῶν
871 3199 907 3242 τε
933 3179 1147 3262 Ταραντίνων

141 3285 197 3351 καὶ
215 3283 386 3371 Ῥηγίνων,
410 3288 445 3350 οἳ
465 3285 529 3349 ὑπὸ
552 3284 715 3349 Μικύθου
736 3291 797 3348 τοῦ
820 3275 946 3368 Χοίρου
969 3282 1146 3367 ἀναγκαζό-

143 3415 237 3476 μενοι
259 3404 325 3457 τῶν
344 3392 454 3456 ἀστῶν
471 3389 526 3455 καὶ
544 3389 736 3473 ἀπικόμενοι
754 3387 892 3475 τιμωροὶ
914 3392 1147 3474 Ταραντίνοισι

143 3495 315 3563 ἀπέθανον
337 3499 512 3582 τρισχίλιοι
536 3495 635 3560 οὕτω·
659 3494 768 3560 αὐτῶν
792 3491 829 3560 δὲ
853 3498 1066 3578 Ταραντίνων
1085 3495 1148 3560 ούκ
