2678 3968
199 268 265 334 238
614 263 801 320 Ηιιοοοονι

198 410 328 477 ἀσκέειν
346 410 441 476 ἀντία
460 421 529 495 σεῦ,
553 415 700 495 βασιλεῦ,
723 409 814 493 ἀγὼν
836 406 989 496 μέγιστός
1007 409 1083 476 ἐστι.
1106 413 1207 478 ἀκου-

199 535 261 582 σον
284 513 321 582 δέ
343 515 398 582 καὶ
416 526 489 583 νῦν.
513 517 549 582 οί
564 518 683 601 ἀνδρες
701 511 794 581 οὗτοι
813 515 965 581 ἀπίκαται
983 520 1208 602 μαχησόμενοι

198 622 278 707 ἡμῖν
292 621 437 709 περὶτῆς
452 623 571 689 ἐσόδου
589 621 644 688 καί
661 631 763 687 ταῦτα
776 622 1084 708 παρασκευάζονται.
1102 625 1208 708 νόμος

198 728 262 812 γάρ
288 746 349 813 σφι
372 733 456 815 ἔχων
480 730 565 794 οὕτω
589 728 671 794 ἐστί·
698 727 796 792 ἐπεάν
825 727 969 812 μέλλωσι
994 729 1207 794 κινδυνεύειν

176 816 238 918 Ιτῇ
265 843 368 919 ψυχή,
397 836 470 900 τότε
497 835 554 911 τὰς
580 833 724 917 κεφαλάς
750 832 954 916 κοσμέονται.
978 832 1132 902 ἐπίστασο
1156 835 1206 918 δέ,

200 941 231 1004 εί
242 940 381 1017 τούτους
398 937 503 1024 γεκαὶ
517 941 553 1004 τὸ
568 937 736 1022 ὑπομένον
750 937 787 1002 ἐν
801 939 938 1024 Σπάρτῃ
956 940 1204 1026 καταστρέψεαι,
1328 958 1330 967 ’

200 1048 269 1110 ἔστι
287 1042 388 1111 οὐδὲν
405 1047 486 1111 ἀλλο
505 1047 606 1121 ἔθνος
624 1043 813 1128 ἀνθρώπων
830 1045 867 1108 τὸ
886 1042 934 1128 σέ,
956 1047 1105 1129 βασιλεῦ,
1124 1047 1206 1112 ὑπο-

200 1150 306 1235 μενέει
329 1162 439 1238 χεῖρας
461 1151 729 1236 ἀνταειρόμενον·
751 1158 816 1214 νῦν
838 1151 901 1235 γάρ
924 1152 1006 1236 πρὸς
1028 1155 1206 1237 βασιληίην

199 1280 234 1323 τε
255 1261 433 1341 καλλίστην
455 1267 522 1322 τῶν
549 1256 586 1321 ἐν
606 1253 743 1338 Ἕλλησι
769 1254 973 1340 προσφέρεαι
998 1255 1053 1322 καὶ
1080 1259 1206 1345 ἀνδρας

201 1364 363 1448 ἀρίστους.
388 1363 490 1446 κάρτα
507 1385 542 1426 τε
562 1363 602 1444 δή
621 1359 725 1446 Ξέρξῃ
745 1362 864 1426 ἀπιστα
883 1361 1036 1446 ἐφαίνετο
1054 1364 1095 1429 τά
1112 1367 1205 1448 λεγό-

200 1493 283 1554 μενα
296 1464 381 1534 εἶναι
394 1466 449 1533 καί
463 1467 600 1550 δεύτερα
614 1466 771 1552 ἐπειρώτα
786 1467 900 1532 ὅντινα
913 1470 1037 1554 τρόπον
1050 1479 1206 1536 τοσοῦτοι

201 1575 310 1652 ἐόντες
334 1583 374 1657 τῇ
401 1573 527 1640 ἑωυτοῦ
554 1581 687 1660 στρατιή
715 1575 925 1658 μαχήσονται.
958 1571 1038 1641 δδέ
1060 1571 1141 1640 εἶπε·
1166 1569 1206 1641 Ὠ

201 1685 347 1764 βασιλεῦ,
370 1679 443 1766 ἐμοὶ
464 1687 610 1766 χρᾶσθαι
632 1679 676 1756 ὡς
699 1677 796 1765 ἀνδρί
817 1681 954 1780 ήεύστῃ,
976 1679 1019 1764 ἣν
1041 1682 1085 1766 μή
1103 1684 1206 1748 ταῦτά

148 1804 199 1856 210
209 1809 261 1852 τοι
278 1789 380 1873 ταύτῃ
399 1785 477 1871 ἐκβή
499 1794 539 1872 τῇ
558 1785 621 1869 ἐγὼ
644 1785 736 1868 λέγω.
768 1794 870 1850 ταῦτα
888 1785 994 1869 λέγων
1013 1787 1074 1852 οὐκ
1091 1791 1205 1854 ἔπειθε

200 1893 260 1958 τὸν
278 1891 411 1979 Ξέρξην.
453 1891 608 1977 τέσσερας
626 1887 686 1976 μὲν
705 1892 746 1974 δή
765 1899 889 1977 παρῆκε
911 1891 1043 1977 ἡμέρας,
1066 1892 1206 1974 ἐλπίζων
1317 1951 1330 1976 ῃ

201 2001 269 2064 αίεί
293 2015 396 2084 σφεας
423 1999 685 2084 ἀποδρήσεσθαι·
712 1995 838 2082 πέμπτῃ
867 1995 919 2080 δέ,
948 1997 992 2074 ὡς
1014 1998 1076 2063 οὐκ
1104 1999 1205 2066 ἀπαλ-

201 2105 363 2170 λάσσοντο
391 2105 473 2170 ἀλλά
502 2106 537 2170 οί
557 2105 734 2186 ἐφαίνοντο
758 2101 908 2188 ἀναιδείῃ
930 2125 965 2168 τε
988 2101 1043 2168 καὶ
1065 2104 1205 2192 ἀβουλίῃ

203 2211 438 2295 διαχρεώμενοι
465 2209 593 2295 μένειν,
624 2208 741 2293 πέμπει
771 2204 820 2272 ἐπ’
853 2208 975 2286 αὐτοὺς
1000 2212 1142 2294 Μήδους
1170 2237 1206 2277 τε

202 2313 257 2381 καί
288 2319 449 2391 Κισσίους
476 2319 664 2400 θυμωθείς,
696 2313 921 2396 ἐντειλάμενός
952 2331 1055 2399 σφεας
1085 2320 1206 2404 ζωγρή-

203 2439 325 2496 σαντας
355 2421 448 2503 ἀγειν
480 2402 519 2496 ἐς
540 2422 619 2497 ὄψιν
645 2419 706 2501 τήν
736 2417 871 2484 ἑωυτοῦ.
908 2419 952 2497 ὡς
984 2416 1015 2487 δ’
1049 2421 1206 2490 ἐσέπεσον

203 2528 381 2613 φερόμενοι
402 2524 435 2601 ἐς
451 2527 531 2601 τοὺς
545 2523 706 2607 Ἕλληνας
725 2525 760 2589 οί
774 2527 899 2610 Μῆδοι,
924 2529 1060 2592 ἐπιπτον
1077 2533 1205 2612 πολλοί,

203 2635 297 2699 ἀλλον
321 2630 352 2697 δ’
378 2631 553 2714 ἐπεσήισαν
576 2627 630 2694 καὶ
653 2631 714 2694 οὐκ
736 2630 943 2716 ἀπήλαυνον,
971 2636 1086 2718 καίπερ
1109 2636 1206 2718 μεγά-
1325 2699 1326 2707 ,

203 2748 268 2818 λως
294 2740 559 2823 προσπταίοντες.
591 2737 694 2820 δήλου
718 2732 749 2800 δ’
779 2736 911 2802 ἐποίευν
937 2741 1040 2802 παντί
1062 2762 1125 2826 τεῳ
1151 2739 1206 2805 καὶ

204 2849 265 2914 ούκ
296 2847 412 2929 ήκιστα
443 2842 531 2929 αὐτῷ
564 2839 694 2925 βασιλέϊ
719 2841 769 2906 ὅτι
795 2839 912 2907 πολλοὶ
944 2838 1005 2925 μέν
1032 2843 1206 2929 ἅνθρωποι

205 2951 282 3037 εἶεν,
306 2953 412 3034 ὀλίγοι
436 2945 473 3015 δὲ
495 2949 622 3034 ἀνδρες.
650 2948 775 3031 ἐγένετο
794 2943 832 3012 δὲ
849 2945 870 3031 ή
889 2948 1038 3032 συμβολή
1061 2946 1105 3013 δι’
1130 2949 1207 3035 ἡμέ-

151 3073 202 3121 211
214 3083 281 3145 ρης.
305 3058 409 3124 ἐπείτε
428 3053 465 3121 δὲ
484 3055 519 3120 οί
535 3056 648 3139 Μήδοι
666 3052 809 3139 τρηχέως
822 3057 1041 3138 περιείποντο,
1061 3054 1208 3121 ἐνθαῦτα
1323 3063 1324 3073 ’

206 3160 298 3230 οὗτοι
316 3159 377 3246 μέν
390 3160 579 3245 ὑπεξήισαν,
598 3161 633 3224 οί
645 3157 681 3225 δέ
695 3157 823 3244 Πέρσαι
837 3158 1044 3243 ἐκδεξάμενοι
1058 3160 1207 3246 ἐπήισαν,

204 3271 282 3344 τοὺς
305 3267 495 3342 ἀθανάτους
517 3263 627 3330 ἐκάλεε
649 3265 817 3348 βασιλεύς,
843 3275 912 3331 τῶν
938 3260 1017 3350 ήρχε
1040 3265 1208 3350 Ὑδάρνης,

206 3374 250 3451 ὡς
278 3373 318 3455 δή
347 3366 443 3438 οὗτοί
466 3393 503 3455 με
531 3369 689 3447 εὐπετέως
710 3373 995 3456 κατεργασόμενοι.
1022 3371 1067 3448 ὡς
1094 3370 1208 3437 δὲκαὶ

206 3475 298 3546 οὗτοι
321 3476 522 3562 συνέμισγον
544 3487 630 3542 τοῖσι
644 3475 788 3560 Ἕλλησι,
813 3474 912 3542 οὐδὲν
930 3474 1031 3541 πλέον
1049 3476 1208 3562 ἐφέροντο
1224 3569 1241 3604 .
1308 3469 1321 3632 ῃ

1304 3619 1307 3624 ’
