2678 3968
423 275 488 331 ΜΒ.
503 275 577 330 vul.
614 275 690 331 OAP.
712 283 816 332 7-11.
1060 277 1126 343 257

117 431 186 484 τῶν
214 431 308 485 νεῶν.
350 420 429 504 μετά
460 415 498 486 δὲ
528 429 642 502 τοῦτο,
673 419 717 497 ὡς
748 421 859 497 οὐδείς
888 437 948 505 σφι
979 420 1125 505 ἐπέπλεε,

1 599 3 605 ⁸
119 528 234 609 δείλην
257 526 358 609 ὀψίην
381 525 562 610 γινομένην
585 535 642 610 τής
664 525 787 611 ἡμέρης
809 527 1012 611 φυλάξαντες
1029 526 1125 594 αότολ

118 631 319 698 ἐπανέπλεον
351 628 404 696 ἐπὶ
438 633 517 708 τοὺς
552 632 758 716 βαρβάρους,
796 631 977 717 ἀπόπειραν
1014 633 1125 699 αὐτῶν

115 739 322 820 ποιήσασθαι
353 739 552 820 βουλόμενοι
582 745 640 820 τῆς
668 760 703 803 τε
734 738 838 822 μάχης
865 736 920 804 καὶ
946 747 1007 803 τοῦ
1038 740 1124 805 διεκ-

1 833 2 836 “
116 846 232 910 πλόου.
264 843 406 928 ὁρῶντες
433 841 472 908 δέ
497 859 601 927 σφεας
627 843 663 909 οί
686 866 722 908 τε
749 844 843 908 ἄλλοι
870 855 1064 929 στρατιῶται
1092 845 1126 912 οί
1143 867 1178 916 10

0 941 8 966 ³
117 947 244 1026 Ξέρξεω
271 946 327 1013 καὶ
354 948 389 1013 οί
413 946 590 1034 στρατηγοὶ
617 947 829 1026 ἐπιπλέοντας
858 948 958 1032 νηυσὶ
982 950 1123 1035 ὀλίγῃσι,

115 1055 226 1140 πάγχυ
249 1072 310 1138 σφι
332 1057 455 1138 μανίην
478 1054 702 1132 ἐπενείκαντες
724 1054 850 1140 ἀνήγου
872 1053 928 1122 καὶ
951 1054 1044 1120 αὐτοὶ
1066 1057 1124 1132 τάς

117 1160 211 1243 νέας,
248 1158 438 1236 ἐλπίσαντές
473 1177 576 1244 σφεας
612 1161 771 1238 εὐπετέως
807 1162 973 1246 αἱρήσειν,
1011 1162 1123 1226 οίκότα

116 1267 220 1351 κάρτα
244 1265 446 1348 ἐλπίσαντες,
472 1267 530 1342 τάς
556 1265 617 1351 μέν
644 1290 681 1350 γε
695 1279 770 1332 τῶν
793 1267 959 1350 Ἑλλήνων
982 1266 1124 1352 ὁρῶντες

117 1371 231 1456 ὀλίγας
253 1371 344 1455 νέας,
371 1373 429 1448 τάς
457 1367 494 1436 oz
517 1370 649 1439 ἑωυτῶν
671 1376 797 1456 πλήθεΐ
814 1397 849 1438 τε
877 1375 1123 1457 πολλαπλησίας

116 1476 172 1542 καὶ
199 1479 335 1562 ἀμεινον
363 1478 534 1554 πλεούσας.
583 1481 893 1565 καταφρονήσαντες
920 1488 1023 1546 ταῦτα
1049 1477 1122 1544 έκυ-

115 1588 258 1650 κλοῦντο
282 1583 403 1660 αὐτοὺς
425 1584 458 1660 ές
480 1583 589 1668 μέσον.
628 1585 701 1650 ὅσοι
724 1583 785 1669 μέν
813 1609 878 1653 νυν
905 1596 972 1650 τῶν
998 1578 1122 1650 Ἰώνων

115 1686 204 1773 ἦσαν
231 1690 344 1756 εόνοοι
369 1700 455 1754 τοῖσι
474 1687 624 1774 Ἕλλησι,
652 1689 803 1767 ἀέκοντές
829 1713 864 1756 τε
887 1691 1121 1777 ἐστρατεύοντο

117 1798 296 1880 συμφορήν
309 1818 344 1860 τε
358 1794 527 1860 ἐποιεῦντο
547 1796 693 1880 μεγάλην
712 1795 853 1881 ὁρῶντες
870 1795 1123 1882 περιεχομένους

6 1945 9 1948 -
118 1902 240 1978 αὐτοὺς
262 1899 317 1966 καλ
339 1899 546 1985 ἐπιστάμενοι
569 1901 613 1978 ὡς
635 1899 745 1979 οὐδεὶς
763 1901 872 1967 αὐτῶν
890 1902 1123 1985 ἀπονοστήσει·

118 2009 205 2073 οὕτω
236 2005 380 2072 ἀσθενέα
410 2024 471 2090 σφι
498 2005 651 2090 ἐφαίνετο
681 2002 767 2072 εἶναι
792 2009 833 2072 τά
861 2019 928 2074 τῶν
955 2005 1122 2091 Ἑλλήνων

117 2116 299 2198 πρήγματα.
331 2112 439 2178 ὅσοισι
462 2109 499 2178 δὲ
521 2110 576 2178 καλ
597 2111 790 2199 ήόομένοισι
811 2109 854 2196 ήν
871 2115 909 2180 τὸ
932 2115 1121 2197 γινόμενον,

114 2221 259 2303 ἀμιλλαν
290 2218 460 2284 έποιεῦυτο
492 2219 576 2294 ὅκως
607 2218 705 2296 αὐτὸς
736 2218 870 2296 ἕκαστος
904 2230 1032 2306 πρῶτος
1062 2218 1122 2289 νέα

5 2315 9 2326 ’
115 2324 264 2409 Ἀττικήν
294 2323 378 2390 ἑλὼν
408 2325 498 2410 δῶρα
526 2325 614 2409 παρά
645 2322 797 2408 βασιλέος
822 2325 995 2410 λάμψεται·
1024 2322 1122 2410 Ἀθη-

117 2435 225 2497 ναίαν
250 2432 313 2516 γάρ
341 2429 469 2496 αὐτοῖσι
496 2432 594 2514 λόγος
619 2426 662 2513 ἧν
691 2435 842 2508 πλεῖστος
869 2431 932 2498 ἀνά
959 2433 998 2498 τά
1025 2448 1122 2518 στρα-

118 2539 250 2604 τόπεδα.
284 2548 370 2602 τοῖσι
388 2533 425 2602 δὲ
434 2535 570 2620 Ἕλλησι
588 2536 632 2613 ὡς
650 2535 802 2622 ἐσήμηνε,
824 2548 937 2624 πρῶτα
955 2534 1016 2622 μέν
1034 2538 1122 2604 ἀντί-
1142 2559 1175 2608 ιι,

115 2667 247 2732 πρφροι
272 2655 359 2710 τοῖσι
387 2643 583 2726 βαρβάροισι
609 2644 783 2727 γενόμενοι
812 2642 846 2719 ἐς
872 2644 909 2708 τὸ
937 2643 1039 2728 μέσον
1064 2644 1123 2719 τὰς

117 2751 271 2836 πρύμνας
301 2751 506 2834 συνήγαγον,
543 2749 680 2832 δεύτερα
711 2746 749 2814 ἀλ
784 2751 991 2834 σημήναντος
1022 2751 1123 2832 ἔργου

117 2864 258 2942 εἴχοντο,
282 2855 318 2922 ἐν
341 2855 441 2942 ὀλίγῳ
464 2876 525 2939 περ
547 2853 821 2938 ἀπολαμφθέντες
837 2853 893 2920 καὶ
910 2855 991 2920 κατά
1009 2856 1122 2938 στόμα.

117 2964 267 3030 ἐνθαῦτα
293 2965 469 3049 τριήκοντα
495 2960 572 3037 νέας
600 2959 748 3046 αίρέουσι
773 2971 841 3026 τῶν
867 2960 1045 3045 βαρβάρων
1067 2958 1123 3025 καὶ

113 3071 179 3136 τὸν
205 3071 337 3154 Γόργον
364 3076 426 3133 τοῦ
449 3069 665 3151 Σαλαμινίων
692 3063 844 3149 βασιλέος
871 3065 1034 3150 ἀδελφεὸν
1064 3071 1123 3131 Φι

114 3176 224 3240 -λάουα
246 3176 305 3240 τὸν
328 3174 478 3259 Χέρσιος,
501 3175 638 3256 λόγιμον
661 3171 758 3238 ἐόντα
780 3170 817 3238 έν
839 3179 884 3260 τῷ
912 3171 1122 3260 στρατοπέόφ

120 3282 236 3365 ἀνδρα.
271 3291 400 3366 πρῶτος
428 3275 464 3345 δὲ
489 3275 657 3355 Ἑλλήνων
682 3277 742 3342 νέα
768 3288 836 3342 τῶν
863 3280 1030 3362 πολεμίων
1056 3270 1123 3344 εἷλε

119 3385 205 3471 ἀνὴρ
230 3383 420 3470 Ἀθηναῖος,
450 3385 650 3468 Λυκομήδης
676 3385 875 3469 Αἰσχραίου,
906 3382 962 3452 καὶ
987 3385 1025 3450 τὸ
1053 3384 1122 3468 ἀρι-

120 3493 236 3576 στήιον
262 3493 356 3574 ἔλαβε
384 3486 489 3568 οὗτος.
525 3493 604 3567 τοὺς
630 3487 660 3556 δ’
691 3489 728 3556 έν
756 3498 795 3575 τῇ
824 3493 988 3577 ναυμαχίη
1020 3493 1122 3578 ταύτῃ

172 3604 197 3644 11
198 3615 266 3645 nnnnn
279 3605 311 3646 Π.
879 3600 910 3648 Π

4 2919 24 2972 b

7 3599 21 3614 ’
