2678 3968
224 304 290 368 324
634 297 818 354 HERODOTI

223 448 260 510 τὸ
283 448 460 530 γινόμενον
483 445 520 510 αί
538 455 691 527 γυναῖκες
708 453 775 507 τῶν
790 437 986 525 Ἀθηναίων,
1010 441 1221 505 διακελευσα-
1315 513 1316 522 ¹

224 548 305 635 μένη
333 547 371 615 δὲ
397 551 482 634 γυνὴ
505 547 637 632 γυναικὶ
659 546 713 614 καὶ
735 551 971 634 παραλαβοῦσα
993 542 1045 611 ἐπὶ
1067 545 1129 626 τήν
1152 548 1220 607 Λυ-

224 657 321 720 κίδεω
345 657 452 739 οἰκίην
474 657 572 738 ἡισαν
595 652 795 735 αὐτοκελέες,
819 651 976 718 καὶκατὰ
998 648 1058 737 μέν
1081 651 1220 714 ἔλευσαν

189 784 205 832 6
225 760 327 827 αὐτοῦ
339 761 401 844 τήν
414 771 564 843 γυναῖκα,
582 761 662 824 κατὰ
680 756 717 824 δέ
734 761 774 823 τά
790 758 896 824 τέκνα.
932 757 965 834 ἐς
984 753 1020 822 δέ
1037 756 1098 838 τὴν
1111 759 1220 818 Σαλα-

224 878 303 952 μῑνα
321 866 478 949 διέβησαν
492 866 527 930 οἱ
538 862 710 948 Ἀθηναῖοι
728 860 804 929 ὧδε·
824 863 885 940 ἕως
902 859 963 948 μέν
980 859 1218 947 προσεδέκοντο
1315 887 1316 916 ι

223 970 260 1036 ἐκ
280 980 337 1056 τῆς
353 973 613 1054 Πελοποννήσου
631 971 771 1055 στρατὸν
793 968 883 1054 ἡξειν
902 966 1129 1053 τιμωρήσοντά
1147 982 1218 1049 σφι,

224 1078 260 1141 οί
279 1074 316 1142 δὲ
339 1080 456 1161 ἔμενον
479 1075 515 1141 ἐν
536 1085 576 1161 τῇ
595 1074 734 1160 Ἀττικῇ·
757 1073 826 1140 ἐπεὶ
850 1071 887 1140 δὲ
909 1075 944 1139 οί
959 1070 1019 1158 μὲν
1036 1069 1219 1157 μακρότερά

221 1207 258 1247 τε
284 1181 339 1247 καὶ
361 1186 553 1266 σχολαίτερα
577 1181 720 1263 ἐποίεον,
750 1181 768 1246 δ
792 1177 829 1245 δὲ
851 1180 952 1246 ἐπιὼν
978 1177 1097 1260 καλδὴ
1121 1175 1157 1241 έν
1179 1184 1218 1260 τῇ

223 1291 365 1374 Βοιωτίῃ
396 1287 523 1371 ἐλέγετο
555 1281 657 1370 εἶναι,
689 1287 774 1352 οὕτω
807 1287 849 1369 δὴ
880 1284 1153 1368 ὑπεξεκομίσαντό
1184 1305 1219 1346 τε

222 1394 329 1458 πάντα
354 1392 409 1458 καὶ
436 1391 531 1458 αὐτοὶ
553 1391 711 1476 διέβησαν
733 1392 767 1468 ές
788 1396 977 1476 Σαλαμῖνα,
1004 1389 1038 1466 ἐς
1059 1389 1217 1454 Λακεδαί-

223 1499 309 1583 μονά
331 1523 365 1564 τε
388 1501 532 1583 ἔπεμπον
550 1497 708 1582 ἀγγέλους
726 1499 792 1581 ἅμα
810 1492 870 1581 μέν
888 1495 1117 1581 μεμψομένους
1133 1505 1219 1560 τοῖσι

223 1606 514 1689 Λακεδαιμονίοισι
532 1605 582 1670 ὅτι
599 1606 766 1688 περιεῖδον
785 1603 965 1686 ἐσβαλόντα
978 1603 1037 1666 τὸν
1050 1602 1219 1685 βάρβαρον

223 1710 257 1787 ἐς
278 1711 339 1794 τὴν
358 1707 505 1792 Ἀττικὴν
527 1704 598 1774 ἀλλ’
624 1709 665 1774 οὐ
687 1710 766 1793 μετὰ
788 1707 901 1793 σφέων
923 1707 1082 1790 ήντίασαν
1104 1706 1137 1782 ές
1158 1707 1218 1788 τὴν

223 1821 404 1898 Βοιωτίην,
431 1815 497 1897 ἅμα
524 1811 561 1880 δέ
582 1814 833 1898 ὑπομνήσοντας
855 1813 916 1880 ὅσα
939 1829 999 1898 σφι
1021 1810 1177 1897 ὑπέσχετο
1200 1811 1218 1876 δ

225 1921 356 2007 Πέρσης
387 1923 604 2005 μεταβαλοῦσι
632 1921 767 2002 δώσειν,
799 1922 955 2000 προεῖπαί
978 1941 1014 1983 τε
1043 1918 1093 1983 ὅτι
1120 1919 1151 1982 εί
1176 1918 1219 2002 μὴ

224 2028 385 2112 ἀμυνεῦσι
399 2024 615 2110 Ἀθηναίοισι,
634 2026 678 2102 ὡς
695 2023 750 2090 καλ
768 2025 865 2089 αὐτοί
875 2047 949 2089 τινα
963 2023 1112 2108 ἀλεωρήν
1125 2022 1221 2108 εὑρὴ·

191 2150 349 2203 ισονται.
394 2133 429 2198 οί
452 2133 515 2216 γάρ
544 2132 584 2215 δὴ
606 2132 863 2215 Λακεδαιμόνιοι
886 2131 1022 2214 ὅρταζόν
1044 2153 1079 2194 τε
1101 2139 1221 2195 τοῦτον

224 2240 284 2304 τὸν
305 2241 428 2323 χρόνον
454 2241 512 2303 καί
538 2255 598 2323 σφι
625 2233 667 2320 ἡν
685 2233 874 2319 Ὑακίνθια,
902 2234 976 2322 περὶ
1003 2238 1158 2300 πλείστου
1188 2229 1218 2298 δ’

225 2339 309 2426 ἡγον
335 2344 374 2407 τά
400 2352 460 2408 τοῦ
485 2350 570 2409 θεοῦ
592 2343 784 2426 πορσύνειν·
816 2343 881 2427 ἅμα
905 2339 942 2408 δέ
963 2343 1000 2408 τὸ
1022 2343 1127 2426 τεῖχός
1150 2358 1221 2426 σφι,

225 2450 263 2514 τὸ
285 2449 322 2513 έν
344 2456 389 2536 τῷ
409 2445 531 2536 Ἰσθμῷ
555 2448 710 2532 ἐτείχεον,
736 2446 791 2512 καλ
813 2449 877 2532 ήδη
901 2447 1029 2527 ἐπάλξις
1050 2448 1221 2532 ἐλάμβανε.

226 2555 270 2631 ὡς
293 2551 330 2620 δὲ
352 2553 507 2618 ἀπίκοντο
531 2553 563 2629 ἐς
584 2555 645 2636 τὴν
663 2555 895 2638 Λακεδαίμονα
913 2555 948 2618 ολ
963 2555 1095 2637 ἄγγελοι
1114 2555 1149 2619 οί
1164 2548 1218 2618 ἀπ’

222 2658 401 2745 Ἀθηνέων,
425 2659 491 2743 ἅμα
513 2658 667 2742 ἀγόμενοι
690 2661 725 2722 έκ
746 2681 781 2724 τε
799 2659 966 2744 Μεγάρων
988 2658 1148 2743 ἀγγέλους
1167 2658 1223 2724 καλ

226 2768 262 2833 ἐκ
284 2764 491 2847 Πλαταιέων,
520 2768 633 2848 ἔλεγον
654 2764 732 2828 τάδε
754 2763 949 2841 ἐπελθόντες
971 2762 1024 2830 έπλ
1044 2767 1123 2841 τοὺς
1145 2765 1224 2849 ἐφό-
1314 2833 1315 2858 ἡ

192 2904 210 2936 α
229 2892 320 2958 ρους·
331 2870 501 2956 Ἕπεμψαν
514 2869 614 2956 ἡμέας
624 2866 796 2954 Ἀθηναῖοι
813 2870 963 2952 λέγοντες
977 2871 1026 2938 ότι
1039 2871 1118 2955 ἡμῖν
1131 2875 1223 2955 βασι-

226 2983 302 3059 λεὺς
324 2979 342 3046 ὁ
365 2979 495 3062 Μήδων
517 2985 614 3041 τοῦτο
638 2972 698 3060 μέν
721 2976 782 3059 τὴν
800 2975 911 3061 χώρην
934 2975 1101 3061 ἀποδιδοῖ,
1123 2987 1224 3044 τοῦτο
1314 2967 1315 2981 ἶ

228 3084 265 3152 δέ
287 3086 476 3171 συμμάχους
498 3081 607 3149 ἐθέλει
629 3077 678 3146 ἐπ’
705 3087 758 3168 ἴση
776 3104 812 3146 τε
833 3079 888 3146 καὶ
906 3081 1002 3168 ὁμοίη
1020 3085 1226 3166 ποιήσασθαι

227 3195 307 3258 άνευ
331 3215 365 3256 τε
389 3192 491 3256 δόλου
512 3185 567 3254 καὶ
587 3187 719 3271 ἀπάτης,
738 3186 847 3253 ἐθέλει
865 3183 902 3253 δὲ
918 3185 973 3253 καὶ
991 3189 1094 3271 ἀλλην
1111 3190 1225 3274 χώρην

227 3298 309 3382 πρὸς
325 3305 365 3380 τὴ
383 3293 520 3379 ἡμετέρη
540 3293 680 3374 διδόναι,
698 3293 759 3376 τήν
777 3291 819 3357 άν
833 3289 927 3358 αὐτοὶ
945 3291 1103 3376 ἑλώμεθα.
1133 3293 1226 3378 ἡμεῖς

228 3397 266 3467 δέ
295 3404 362 3466 Δία
392 3421 427 3464 τε
458 3395 630 3482 Ἑλλήνιον
661 3395 870 3473 αἰδεσθέντες
904 3395 959 3463 καλ
993 3398 1054 3481 τήν
1085 3398 1226 3466 Ἑλλάδα

229 3507 341 3571 δεινὸν
371 3504 561 3586 ποιεύμενοι
591 3503 775 3587 προδοῦναι
810 3501 851 3566 οὐ
883 3502 1118 3589 καταινέσαμεν
1149 3504 1222 3572 ἀλλ’
