2678 3970
185 235 250 298 178
597 229 785 286 HERODOTI

184 375 223 443 δέ
244 374 380 458 κέλητας
402 373 457 440 καὶ
480 376 621 461 ἅρματα·
653 373 717 439 ὑπὸ
742 370 779 439 δὲ
801 385 887 440 τοῖσι
910 374 1033 459 ἅρμασι
1055 374 1191 460 ὑπῆσαν

183 482 278 548 ἵπποι
299 478 354 546 καλ
377 481 450 547 όνοι
472 481 591 567 ἄγριοι.
628 480 786 565 Βάκτριοι
808 475 846 548 δέ
863 479 1061 546 ἐσκευάδατο
1081 481 1190 548 ὡσαύ-

183 610 248 664 τως
269 584 324 654 καὶ
347 586 384 653 ἐν
406 595 451 675 τῷ
474 591 569 676 πεζῷ,
592 584 647 652 καὶ
669 586 815 652 Κάσπιοι
837 585 968 671 ὁμοίως.
1009 589 1132 670 Λίβυες
1151 585 1190 653 δὲ

182 689 239 757 καὶ
261 691 356 758 αὐτοὶ
378 693 459 758 κατά
476 715 537 778 περ
557 692 593 758 ἐν
610 700 656 778 τῷ
675 695 773 780 πεζςθ
800 693 948 775 ῆλάυνον
967 687 1004 756 δέ
1021 689 1077 758 καὶ
1095 686 1190 758 οὗτοι

182 798 302 876 πάντες
324 799 460 884 δέρματα.
499 798 543 875 ὣς
566 794 597 862 δ’
624 797 731 874 αὕτως
748 797 893 862 Κάσπιοι
915 795 970 862 καλ
989 797 1189 883 Παρικάνιοι

183 903 361 989 ἐσεσάχατο
385 903 506 989 ὁμοίως
527 901 581 969 καλ
600 903 637 969 ἐν
654 911 700 991 τῷ
718 906 811 990 πεζζ.
845 897 992 987 Ἀράβιοι
1010 900 1048 968 δέ
1066 906 1190 990 σκευῆν

183 1007 245 1096 μέν
279 1005 369 1096 εἶχον
400 1011 461 1094 τῆν
490 1010 594 1094 αύτῆν
625 1008 680 1075 καὶ
708 1009 745 1075 ἐν
771 1017 817 1098 τῷ
845 1013 944 1098 πεζῷ,
976 1011 1124 1094 ῆλαυνον
1152 1007 1190 1078 δέ

128 1136 165 1188 ες
182 1115 302 1194 πάντες
315 1117 482 1202 καμῆλους
499 1125 661 1202 ταχυτῆτα
675 1115 716 1182 ού
730 1114 924 1200 λειπομένας
937 1116 1055 1182 ἵππων.
1086 1125 1190 1182 ταῦτα

181 1223 223 1287 τά
241 1225 343 1288 ἔθνεα
361 1231 469 1307 μοῦνα
490 1223 627 1304 ἱππεύει,
646 1221 788 1306 ἀριθμὸς
807 1218 844 1288 δὲ
861 1230 919 1306 τῆς
938 1223 1040 1288 ἵππου
1058 1221 1189 1308 ἐγένετο

183 1327 268 1392 ὀκτὼ
291 1328 458 1412 μυριάδες,
480 1325 581 1414 πάρεξ
602 1337 669 1392 τῶν
690 1329 845 1411 καμῆλων
863 1325 917 1394 καί
935 1339 1003 1394 τῶν
1021 1326 1188 1415 άρμάτων.

182 1433 220 1498 οί
239 1431 300 1517 μέν
321 1457 386 1498 νυν
409 1435 503 1498 ἄλλοι
531 1431 642 1509 ἱππέες
664 1432 833 1517 ἐτετάχατο
860 1435 941 1498 κατὰ
963 1432 1072 1516 τέλεα,
1096 1432 1189 1521 Ἀρά-

184 1540 254 1621 βιοι
277 1534 314 1603 δέ
337 1541 468 1624 ἔσχατοι
490 1538 711 1623 ἐπετετάχατο.
747 1539 803 1604 άτε
821 1540 884 1624 γάρ
902 1549 969 1604 τῶν
988 1539 1097 1606 ἵππων
1115 1541 1189 1606 ούιι

184 1642 394 1730 ἀνεχομένων
421 1646 480 1722 τδς
506 1647 672 1730 καμήλους
697 1644 832 1729 ὕστεροι
854 1644 1038 1729 ἐτετάχατο,
1066 1646 1122 1711 ἵνα
1144 1648 1189 1731 μῆ

129 1773 166 1823 ⁸8
185 1748 342 1836 φοβέοιτο
363 1751 401 1816 τὸ
425 1751 567 1817 ίππιιιόν.
613 1751 770 1836 ἵππαρχοι
793 1748 830 1816 δὲ
857 1746 942 1834 ἦσαν
960 1748 1190 1838 Ἁρμαμίθρης

183 1880 219 1923 τε
242 1854 297 1922 καὶ
321 1859 459 1934 Τίθαιος
481 1857 605 1934 Δάτιος
627 1858 750 1934 παῖδες.
797 1855 817 1923 ό
840 1853 877 1922 δέ
899 1860 1008 1942 τρίτος
1030 1874 1091 1942 σφι
1109 1875 1189 1924 σνν-
1319 1855 1324 1938 λ

184 1967 346 2049 ίππαρχος
366 1964 563 2050 Φαρνούχης
584 1961 809 2028 κατελέλειπτο
832 1962 869 2028 ἐν
886 1962 1030 2046 Σάρδισι
1051 1961 1189 2030 νοσέων.

184 2071 229 2147 ὡς
250 2072 314 2155 γάρ
337 2069 487 2154 ὁρμῶντο
506 2069 542 2136 ἐκ
559 2070 728 2155 Σαρδίων,
752 2066 805 2134 ἐπὶ
822 2069 999 2154 συμφορῆν
1018 2068 1190 2155 περιέπεσε

183 2173 396 2257 ἀνεθέλητον.
441 2174 613 2240 ἐλαύνοντι
644 2174 707 2260 γάρ
737 2175 773 2238 οί
801 2173 865 2240 ὑπὸ
892 2177 971 2251 τοὺς
996 2175 1101 2252 πόδας
1127 2185 1189 2241 τοῦ

184 2281 288 2344 ἵππον
310 2277 477 2365 ὑπέδραμε
499 2280 604 2361 κύων,
632 2277 687 2344 καὶ
710 2279 728 2344 ὁ
751 2279 849 2357 ἵππος
876 2280 917 2346 ού
939 2281 1088 2363 προϊδὼν
1110 2281 1188 2365 ἐφο-
1321 2291 1322 2308 ³

184 2385 276 2468 βῆθη
298 2407 334 2449 τε
360 2383 415 2448 καὶ
442 2386 520 2461 στάς
548 2385 651 2468 ὀρθὸς
674 2384 868 2450 ἀπεσείσατο
895 2387 954 2451 τὸν
980 2387 1188 2471 Φαρνούχεα,

183 2490 296 2556 πεσὼν
325 2486 362 2554 δὲ
393 2480 473 2574 αἷμά
498 2512 534 2555 τε
565 2491 644 2574 ῆμεε
675 2487 730 2554 καὶ
763 2490 796 2568 ἐς
827 2494 949 2574 φθίσιν
980 2496 1140 2578 περιῆλθε
1166 2493 1188 2576 ῆ

184 2604 316 2672 νοῦσος.
359 2594 418 2659 τὸν
451 2591 488 2659 δὲ
519 2594 620 2659 ἵππον
652 2595 769 2660 αὐτίκα
799 2594 869 2661 κατ’
900 2597 1000 2682 άρχάς
1027 2597 1188 2681 ἐποίησαν

184 2703 231 2780 ὡς
253 2701 392 2769 ἐκέλευε·
424 2700 647 2785 ἀπαγαγόντες
673 2702 709 2766 οί
729 2701 852 2768 οἰκέται
878 2702 911 2778 ἐς
937 2705 996 2768 τὸν
1018 2713 1127 2788 χῶρον
1151 2703 1188 2768 ἐν

184 2816 231 2897 τῷ
254 2831 315 2894 περ
336 2809 493 2892 κατέβαλε
515 2808 574 2872 τὸν
597 2808 774 2891 δεσπότην,
798 2808 834 2874 έν
856 2819 943 2874 τοῖσι
965 2809 1106 2891 γούνασι
1128 2809 1188 2874 άπ-

183 2914 307 3000 Ιέταμον
337 2915 378 2978 τά
408 2911 532 2980 σκέλεα.
583 2913 779 2999 Φαρνούχης
809 2909 871 2997 μὲν
900 2913 987 2978 οὕτω
1013 2915 1188 2999 παρελύθη
1314 2917 1319 2938 ⁴

184 3028 243 3104 τῆς
264 3019 449 3104 ἡγεμονίης.

127 3143 167 3194 89
278 3130 352 3190 Τῶν
380 3120 417 3190 δέ
443 3123 605 3210 τριηρέων
627 3124 770 3210 άριθμὸς
797 3120 858 3208 μὲν
880 3122 1009 3207 ἐγένετο
1033 3124 1112 3190 ἑπτά
1132 3136 1188 3191 καλ

185 3231 352 3314 διηκόσιαι
373 3228 429 3294 καὶ
450 3234 568 3314 χίλιαι,
595 3234 791 3316 παρείχοντο
815 3226 852 3295 δέ
875 3231 975 3308 αύτδς
998 3231 1083 3314 οἵδε,
1109 3233 1188 3296 Φοί-

185 3359 276 3412 νικες
302 3334 362 3420 μὲν
388 3337 452 3400 σὺν
474 3337 617 3421 Σύροισι
639 3347 726 3400 τοῖσι
748 3335 785 3400 ἐν
807 3343 846 3420 τῆ
870 3339 1075 3422 Παλαιστίνη
1097 3359 1188 3422 τριη-

184 3445 315 3526 κασίας,
347 3436 412 3506 ὧδε
444 3438 690 3526 ἐσκευασμένοι·
728 3438 803 3526 περὶ
835 3437 895 3524 μέν
925 3449 1000 3526 τῆσι
1026 3447 1188 3528 κεφαλῇσι
