2678 3968
237 255 302 320 286
655 253 842 309 HERODOTI

238 396 456 481 ἐξοισομένων
486 409 554 464 τῶν
580 421 614 462 τε
646 395 779 481 ἀνδρῶν
806 394 861 462 καλ
888 406 955 460 τῶν
981 397 1151 479 ναυηγίων
1185 393 1243 481 (ἐν

237 506 300 588 γὰρ
324 504 366 587 δὴ
389 505 482 590 πόρῳ
507 504 797 586 [τῆς]·ναυμαχίης
818 509 877 584 τῆς
898 501 1081 585 μελλούσης
1103 501 1243 566 ἔσεσθαι

239 611 342 674 ἔκειτο
369 608 390 691 ἡ
413 611 541 692 νῆσος),
569 607 625 671 ἵνα
651 607 730 682 τοὺς
755 602 816 696 μέν
842 604 1070 691 περιποιέωσι,
1097 607 1176 683 τοὺς
1204 603 1243 670 δέ

240 715 471 799 διαφθείρωσι.
517 713 649 778 ἐποίευν
672 708 709 776 δέ
732 720 809 796 σιγῇ
831 721 950 795 ταῦτα,
978 711 1023 787 ὡς
1044 712 1088 795 μὴ
1111 717 1241 777 πυνθα-

239 823 353 885 νοίατο
376 820 412 884 οί
431 818 584 884 ἐναντίοι.
621 817 656 882 οί
671 812 731 900 μέν
751 818 792 900 δὴ
810 827 912 882 ταῦτα
929 826 987 901 τῆς
1004 819 1123 894 νυκτὸς
1141 815 1242 884 οὐδὲν

240 923 520 1010 ἀποκοιμηθέντες
542 922 775 1008 παραρτέοντο.

187 1049 220 1098 77
329 1034 526 1115 [Χρησμοῐσι
558 1025 595 1093 δέ
627 1028 688 1093 οὐκ
719 1030 782 1112 ἔχω
810 1027 992 1111 ἀντιλέγειν
1019 1030 1063 1106 ὡς
1090 1029 1151 1094 οὐκ
1179 1029 1244 1096 εἰσὶ

241 1134 389 1220 ἀληθέες,
413 1135 454 1200 οὐ
477 1135 679 1218 βουλόμενος
701 1130 864 1218 ἐναργέως
885 1133 1041 1217 λέγοντας
1063 1142 1245 1220 πειρᾶσθαι

240 1241 470 1325 καταβάλλειν,
494 1239 527 1316 ἐς
548 1238 660 1303 τοιάδε
682 1239 857 1323 πράγματα
878 1237 1047 1322 ἐσβλέψας.

303 1340 388 1411 Ἀλλ’
414 1347 494 1412 ὅταν
514 1342 702 1430 Ἀρτέμιδος
723 1346 912 1430 χρυσαόρου
936 1345 1026 1429 ίερδν
1048 1345 1149 1430 δκτην

307 1450 407 1536 νηυσὶ
428 1452 648 1536 γεφυρώσωσι
670 1448 726 1515 καί
748 1452 897 1534 εἰναλίην
919 1453 1157 1537 Κυνόσουραν,

307 1559 414 1626 ἐλπίδι
437 1555 620 1643 μαινομένη
642 1558 781 1642 λιπαράς
802 1556 981 1638 πέρσαντες
999 1555 1157 1642 Ἀθάνας,

308 1666 363 1729 δῖα
384 1667 471 1746 Δίκη
495 1661 627 1747 σβέσσει
649 1662 809 1747 κρατερὸν
831 1664 955 1747 Κόρον,
970 1660 1102 1749 Ὕβριος
1122 1664 1216 1747 υίόν,

292 1771 421 1835 δεινὸν
443 1769 647 1854 μαιμώοντα,
676 1764 825 1831 δοκεῦντ’
851 1767 915 1832 άνὰ
941 1770 1048 1833 πάντα
1070 1769 1244 1836 πιθέσθαι.

308 1877 436 1952 Χαλκὸς
458 1876 521 1960 γὰρ
544 1878 651 1960 χαλκῷ
675 1871 878 1957 συμμίξεται,
901 1873 1012 1957 αἵματι
1036 1872 1065 1939 δ’
1083 1873 1186 1961 ’Ἀρης
1317 1931 1318 1960 ,

307 1985 432 2047 πόντον
455 1974 620 2065 φοινίξει.
644 1973 711 2044 τότ’
737 1978 917 2064 ἐλεύθερον
935 1976 1093 2058 Ἑλλάδος
1114 1978 1202 2067 ἦμαρ

309 2088 456 2172 εὐρύοπα
478 2087 647 2171 Κρονίδης
671 2084 782 2167 ἐπάγει
804 2082 859 2150 καὶ
880 2087 998 2152 πότνια
1021 2090 1118 2170 Νίκη.

243 2195 276 2271 ἐς
292 2203 427 2260 τοιαῦτα
446 2188 506 2276 μὲν
524 2189 578 2256 καὶ
597 2191 683 2256 οὕτω
702 2188 865 2274 ἐναργέως
878 2189 1009 2273 λέγοντι
1021 2192 1140 2258 Βάκιδι
1154 2193 1245 2259 άντι-

243 2302 356 2382 λογίης
382 2307 538 2383 χρησμῶν
564 2295 639 2380 πέρι
667 2295 743 2360 οὔτε
765 2295 865 2372 αὐτὸς
886 2294 995 2378 λέγειν
1016 2297 1143 2382 τολμέω
1167 2300 1243 2366 οὕτε

242 2401 318 2490 παρ’
345 2405 456 2468 άλλων
478 2401 674 2485 ἐνδέκομαι].

190 2529 224 2579 τε
335 2513 410 2574 Τῶν
433 2504 470 2572 δέ
493 2507 529 2572 ἐν
547 2511 713 2589 Σαλαμῖνι
736 2518 927 2592 στρατηγῶν
949 2507 1075 2591 ἐγίνετο
1094 2509 1247 2596 ὠθισμὸς

243 2619 352 2702 λόγων
382 2615 511 2690 πολλός.
555 2611 679 2697 ᾔδεσαν
707 2609 744 2678 δέ
771 2613 858 2678 οὔκω
887 2613 937 2678 ὅτι
964 2613 1068 2698 σφέας
1094 2637 1247 2700 περιεκυ-
1281 2661 1285 2672 ·

242 2730 383 2790 κλοῦντο
402 2729 476 2805 τῇσι
489 2715 589 2802 νηυσί
603 2718 638 2782 οί
648 2718 821 2804 βάρβαροι,
840 2716 910 2784 ἀλλ’
928 2720 1037 2806 ὥσπερ
1051 2730 1109 2804 τῆς
1121 2721 1248 2807 ἡμέρης

244 2832 340 2916 ὥρων
363 2827 483 2903 αὐτοὺς
504 2823 731 2909 τεταγμένους,
756 2823 890 2889 ἐδόκεον
912 2827 993 2890 κατὰ
1013 2826 1125 2911 χώρην
1149 2823 1247 2894 εἶναι.

191 2955 224 3005 79
245 2935 492 3018 συνεστηκότων
524 2927 561 2996 δέ
592 2942 659 2995 τῶν
690 2940 882 3016 στρατηγῶν
916 2931 949 3010 ἐξ
978 2933 1118 3015 Αἰγίνης
1150 2933 1248 3019 διέβη
1311 2932 1313 2940 ’

240 3037 439 3127 Ἀριστείδης
458 3038 475 3104 ὁ
490 3036 696 3120 Λυσιμάχου,
716 3035 799 3120 ἀνὴρ
811 3033 987 3118 Ἀθηναῖος
1000 3035 1071 3120 μέν,
1086 3036 1248 3124 ἐξωστρα·

243 3147 398 3233 κισμένος
425 3141 461 3210 δέ
483 3144 548 3209 ὑπὸ
571 3151 631 3208 τοῦ
655 3143 778 3226 δήμου,
805 3142 864 3206 τὸν
886 3141 950 3224 ἐγὼ
973 3145 1139 3227 νενόμικα,
1162 3166 1248 3210 πυν-
1311 3157 1312 3186 ³

244 3255 431 3336 θανόμενος
454 3250 556 3316 αὐτοῦ
575 3251 633 3314 τὸν
651 3251 785 3334 τρόπον,
809 3248 945 3332 άριστον
962 3249 1069 3332 άνδρα
1086 3248 1248 3332 γενέσθαι

246 3358 283 3423 ἐν
307 3353 467 3442 Ἀθήνησι
493 3354 548 3420 καλ
576 3357 790 3419 δικαιότατον.
840 3349 938 3431 οὗτος
969 3354 1059 3438 ὡνὴρ
1088 3355 1166 3431 στὰς
1193 3353 1248 3420 ἐπὶ

244 3464 282 3527 τὸ
302 3461 480 3546 συνέδριον
499 3458 681 3538 ἐξεκαλέετο
695 3458 924 3544 Θεμιστοκλέα,
944 3459 1040 3526 ἐόντα
1058 3456 1118 3544 μὲν
1132 3458 1247 3546 ἑωυτῷ

1307 3589 1310 3602 1
