2678 3970
230 251 296 314 226
648 247 834 303 HERODOTI

229 401 289 475 τῆς
310 395 509 477 Μαγνησίης
530 393 638 479 χώρης
661 389 713 458 ἐπὶ
737 391 893 476 Σηπιάδα
914 413 949 456 τε
971 387 1106 458 καὶτὸν
1128 389 1237 472 αίγια·

231 499 292 564 λὸν
313 499 373 565 τὸν
395 497 516 585 μεταξύ
536 500 755 582 Κασθαναίης
776 485 813 563 τέ
833 499 948 574 πόλιος
970 495 1066 562 ἐόντα
1087 491 1142 558 καὶ
1166 499 1237 578 Ση-

231 603 349 682 πιάδος
372 604 477 690 άκτής.

180 723 231 772 184
319 709 430 796 Μέχρι
456 709 517 796 μέν
538 734 604 776 νυν
628 710 749 775 τούτου
770 717 832 775 τοῦ
853 708 963 794 χώρου
985 703 1040 772 καλ
1062 710 1236 792 Θερμοπυ·

232 811 318 880 λέων
340 813 471 899 ἀπαθής
492 839 528 881 τε
550 826 659 881 κακῶν
682 810 725 898 ήν
748 812 766 880 δ
790 814 942 898 στρατός,
963 809 1019 878 καλ
1040 817 1170 896 πλῆθος
1190 807 1235 894 ήν

231 927 409 1003 τηνικαῦτα
437 923 500 1004 ἔτι,
529 921 573 998 ὡς
601 919 664 1004 ἐγὼ
693 921 961 1005 συμβαλλόμενος
983 917 1139 1004 εὑρίσκω,
1166 927 1235 982 τῶν
1323 939 1324 984 T

232 1020 294 1110 μὲν
325 1024 454 1091 ἐκτῶν
480 1037 568 1091 νεῶν
595 1037 662 1090 τῶν
689 1024 726 1092 ἐκ
751 1034 809 1108 τῆς
831 1020 955 1108 Ἀσίης,
982 1022 1127 1089 ἐουσέων
1154 1021 1237 1089 ἑπτά

231 1127 287 1195 καλ
310 1129 505 1214 διηκοσιέων
526 1129 581 1196 καλ
603 1129 746 1216 χιλιέων,
768 1131 828 1196 τὸν
850 1126 911 1215 μέν
932 1129 1069 1215 ἀρχαῖον
1088 1127 1236 1195 ἑκάστων

231 1245 299 1300 τῶν
317 1234 445 1301 ἐθνέων
460 1235 555 1302 ἐόντα
569 1235 686 1320 ὅμιλον
703 1233 859 1321 τέσσερας
876 1233 931 1301 καὶ
949 1241 1053 1300 είκοσι
1071 1233 1237 1320 μυριάδας

231 1338 287 1406 καὶ
309 1341 392 1426 πρὸς
412 1341 543 1427 χιλιάδα
564 1364 600 1406 τε
621 1339 677 1407 καὶ
698 1343 943 1427 τετρακοσίους,
970 1341 1015 1419 ὡς
1037 1339 1100 1406 άνδ
1123 1340 1236 1424 διηκο-

233 1449 327 1524 σίους
344 1447 469 1533 ἄνδρας
486 1445 726 1532 λογιζομένοισι
744 1447 780 1513 ἐν
799 1445 917 1533 ἑκάστη
934 1449 999 1531 νηί.
1035 1445 1236 1530 ἐπεβάτευον

233 1549 271 1619 δέ
291 1550 344 1618 ἐπὶ
357 1553 484 1618 τούτων
497 1562 564 1617 τῶν
577 1563 675 1638 νεῶν,
692 1550 793 1639 χωρὶς
806 1551 951 1618 ἑκάστων
968 1563 1035 1618 τῶν
1049 1550 1235 1637 ἐπιχωρίων

233 1655 424 1742 ἐπιβατέων,
448 1657 606 1746 Περσέων
628 1682 664 1724 τε
685 1656 741 1724 καὶ
758 1659 890 1743 Μήδων
911 1655 966 1724 καὶ
983 1657 1122 1724 Σακέων
1142 1659 1235 1742 τριή-

233 1787 334 1830 κοντα
357 1765 485 1850 ἄνδρες.
525 1760 623 1842 οὗτος
644 1766 743 1842 άλλος
765 1765 879 1849 ὅμιλος
899 1767 1025 1848 γίνεται
1045 1763 1234 1850 τρισμύριοι

232 1867 289 1935 καὶ
307 1868 516 1956 ἑξακισχίλιοι
533 1868 588 1937 καὶ
605 1872 688 1957 πρὸς
705 1873 872 1955 διηκόσιοί
884 1893 921 1936 τε
937 1867 992 1936 καὶ
1011 1869 1097 1936 δέκα.
1131 1885 1234 1954 προσ·
1324 1937 1326 1948 ⁴

232 1978 330 2060 θήσω
354 1971 387 2041 δ’
417 1979 465 2043 ἔτι
490 1977 597 2066 τούτῳ
624 1975 679 2043 καὶ
705 1985 751 2065 τῷ
773 1973 921 2064 προτέρην
944 1975 1076 2065 ἀριθμῷ
1097 1976 1176 2052 τοὺς
1198 1973 1235 2040 ἐκ

234 2092 302 2148 τῶν
323 2082 606 2170 πεντηκοντέρων,
632 2084 772 2167 ποιήσας
798 2083 816 2148 δ
838 2106 870 2147 τι
891 2082 993 2148 πλέον
1014 2078 1057 2166 ἦν
1079 2081 1190 2146 αὐτῶν
1210 2079 1233 2164 ή

228 2190 391 2272 έλασσον,
419 2185 472 2255 ἀν’
500 2189 691 2273 ὀγδώκοντα
718 2190 842 2273 ἄνδρας
867 2187 999 2254 ἐνεῖναι.
1048 2185 1233 2271 συνελέχθη

235 2289 273 2356 δὲ
294 2303 397 2358 ταῦτα
413 2296 454 2360 τὰ
470 2301 579 2377 πλοῖα,
603 2295 648 2371 ὡς
664 2291 719 2359 καὶ
736 2297 898 2380 πρότερον
916 2293 1040 2380 εἰρέθη,
1062 2296 1234 2379 τρισχίλια.

234 2399 299 2482 ήδη
326 2394 375 2464 ὧν
397 2400 517 2487 ἄνδρες
539 2398 580 2465 άν
602 2395 670 2466 εἷεν
692 2399 729 2466 ἐν
752 2400 881 2466 αύτοϊσι
906 2397 1057 2484 τέσσερες
1078 2397 1236 2484 μυριάδες

235 2501 290 2569 καὶ
312 2510 425 2569 εἴκοσι.
468 2514 566 2571 τοῦτο
594 2502 655 2590 μὲν
683 2505 724 2588 δή
750 2505 788 2571 τὸ
815 2505 851 2571 ἐκ
872 2515 930 2590 τῆς
948 2500 1057 2588 Ἀσίης
1077 2504 1235 2570 ναυτικὸν

235 2605 290 2695 ήν,
308 2609 441 2694 σύμπαν
460 2609 516 2677 ἐὸν
534 2614 736 2694 πεντήκοντα
754 2611 911 2695 μυριάδες
928 2609 983 2676 καὶ
1000 2614 1069 2697 μία,
1091 2610 1236 2696 χιλιάδες

237 2712 274 2783 δὲ
301 2719 405 2783 ἔπεισι
431 2714 484 2782 ἐπὶ
509 2716 646 2801 ταύτησι
673 2713 752 2782 ἑπτά
779 2713 834 2780 καὶ
859 2717 942 2802 πρὸς
968 2714 1179 2792 ἑκατοντάδες
1201 2714 1235 2792 ἓξ

236 2820 292 2889 καὶ
315 2823 419 2900 δεκάς.
463 2830 524 2888 τοῦ
547 2817 584 2886 δὲ
605 2823 705 2899 πεζοῦ
722 2819 948 2905 ἑβδομήκοντα
969 2819 1024 2886 καὶ
1042 2820 1158 2888 ἑκατὸν
1175 2845 1236 2906 μυ-

238 2929 349 3016 ριάδες
367 2925 531 3011 ἐγένοντο,
549 2936 617 2992 τῶν
635 2923 673 2991 δὲ
691 2924 816 2992 ίππέων
834 2927 917 2992 ὀκτὼ
936 2927 1101 3011 μυριάδες.
1135 2945 1236 3011 προσ·
1321 2939 1327 2950 ‘

236 3038 333 3118 θήσω
361 3026 392 3098 δ’
418 3034 465 3097 ἔτι
491 3032 638 3096 τούτοισι
663 3032 721 3108 τὰς
746 3033 912 3117 καμήλους
937 3033 1016 3109 τούς
1038 3031 1238 3110 ἐλαύνοντας

234 3137 407 3226 Ἀραβίους
424 3134 573 3212 καὶτοὺς
590 3137 630 3202 τὰ
647 3137 775 3222 ἅρματα
793 3141 930 3221 Λίβυας,
952 3141 1081 3221 πλήθος
1097 3139 1238 3222 ποιήσας

238 3244 434 3328 δισμυρίους
465 3241 597 3327 ἄνδρας.
641 3241 697 3309 καὶ
720 3243 761 3327 δή
788 3245 826 3308 τό
853 3265 889 3307 τε
916 3242 951 3307 ἐκ
976 3253 1043 3308 τῶν
1069 3255 1156 3310 νεῶν
1182 3243 1238 3310 καὶ

236 3357 298 3414 τοῦ
325 3351 423 3426 πεζοῦ
450 3351 579 3432 πλῆθος
605 3347 846 3434 συντιθέμενον
867 3350 993 3432 γίνεται
1016 3351 1185 3432 διηκόσιαί
1203 3373 1239 3414 τε

236 3454 396 3540 μυριάδες
413 3452 466 3520 καὶ
485 3457 660 3542 τριήκοντα
678 3452 733 3521 καὶ
751 3457 809 3539 μία
826 3450 881 3518 καὶ
898 3455 981 3538 πρὸς
997 3455 1141 3539 χιλιάδες
1159 3453 1239 3520 ἑπτὰ
