2632 3970
424 249 490 304 ιιΒ.
507 249 552 304 1x.
590 248 667 304 cAP.
686 255 807 306 ετ-εο.
1057 249 1122 314 369

116 391 238 468 ἄλλους
260 392 386 477 ἄνδρας
407 394 487 468 τοὺς
509 390 666 470 ἐξέδοσαν
690 393 726 458 oc
745 396 896 477 Θηβαῖοι,
920 393 956 460 οί
970 391 1032 479 μέν
1050 392 1122 458 έδό-

115 519 194 560 κεον
221 495 410 581 ἀντιλογίης
431 520 467 562 τε
493 500 651 584 κυρήσειν
677 495 734 563 καὶ
762 498 803 580 δή
826 500 968 583 χρήμασι
993 499 1122 564 έπεποί·

115 607 224 666 θεσαν
256 601 474 668 διωθέεσθαι·
507 601 525 667 6
556 599 593 668 δὲ
622 602 667 679 ὡς
695 601 874 686 παρέλαβε,
907 603 990 668 αὐτὰ
1019 613 1122 670 ταῦτα

116 705 289 772 ὑπονοέων
320 709 382 791 τήν
413 709 571 792 στρατιήν
602 709 663 791 τήν
689 718 757 774 τῶν
784 707 965 792 συμμάχων
992 707 1122 774 ἅπασαν

116 811 219 895 ἀπῆκε
241 809 297 876 καὶ
312 808 468 890 ἐκείνους
489 813 624 896 ἀγαγὼν
646 813 680 890 ές
698 816 872 898 Κόρινθον
896 811 1078 897 διέφθειρε.

208 921 319 983 Ταῦτα
337 915 399 1002 μὲν
417 919 457 982 τὰ
476 916 513 982 ἐν
531 922 715 1003 Πλαταιῇσι
733 915 788 983 καί
802 920 931 1002 Θήβησι
948 919 1123 1001 γενόμενα·
1141 934 1175 983 89

115 1019 307 1106 Ἀρτάβαζος
330 1019 367 1087 δὲ
390 1021 408 1087 6
430 1023 621 1108 Φαρνάκεος
643 1024 779 1108 φεύγων
802 1023 838 1089 ἐκ
856 1019 1052 1087 Πλαταιέων
1069 1021 1124 1086 καὶ

117 1128 159 1210 δή
190 1131 303 1214 πρόσω
334 1127 469 1212 ἐγίνετο.
515 1129 715 1211 ἀπικόμενον
747 1127 788 1193 δέ
812 1152 869 1214 μιν
902 1127 938 1192 οἱ
961 1125 1124 1192 Θεσσαλοὶ

116 1233 205 1318 παρὰ
228 1231 332 1316 σφέας
354 1233 411 1300 ἐπί
425 1255 460 1299 τε
483 1233 586 1312 ξείνια
610 1233 745 1298 ἐκάλεον
767 1231 823 1298 καὶ
841 1233 1030 1318 ἀνειρώτων
1048 1230 1124 1318 περὶ

116 1346 174 1420 τῆς
203 1346 357 1422 στρατιῆς
382 1347 440 1423 τής
471 1340 587 1422 ἀλλης,
620 1335 721 1404 οὐδέν
751 1338 961 1423 ἐπιστάμενοι
991 1348 1059 1403 τῶν
1087 1337 1125 1404 έν

117 1447 304 1527 Πλαταιῇσι
325 1443 525 1528 γενομένων.
570 1443 588 1511 6
612 1439 649 1509 δέ
669 1441 863 1530 Ἀρτάβαζος
884 1445 987 1526 γνοὺς
1011 1444 1072 1526 ότι,
1095 1445 1127 1508 εί

118 1545 227 1613 ἐθέλει
249 1564 311 1633 σφι
337 1556 447 1614 πᾶσαν
473 1551 536 1633 τήν
563 1549 726 1633 ἀληθείην
752 1559 820 1613 τῶν
846 1548 986 1632 ἀγώνων
1009 1551 1124 1631 είπείν,

118 1653 218 1729 αὐτός
248 1675 283 1718 τε
313 1655 524 1720 κινδυνεύσει
555 1653 739 1720 ἀπολέσθαι
775 1651 832 1719 καὶ
866 1652 885 1718 6
917 1647 987 1738 μετ’
1021 1653 1125 1718 αὐτοῦ

118 1761 257 1840 στρατός
284 1756 520 1844 (ἐπιθήσεσθαι
546 1761 610 1846 γάρ
639 1760 674 1824 oc
697 1757 804 1825 πάντα
830 1760 907 1824 τινὰ
933 1763 1020 1824 οίετο
1043 1780 1125 1823 πυν-

117 1864 310 1948 θανόμενον
338 1865 379 1929 τὰ
409 1863 604 1951 γεγονότα),
636 1873 738 1930 ταῦτα
768 1863 1017 1950 ἐκλογιζόμενος
1048 1863 1125 1928 οὔτε

118 1969 202 2053 πρὸς
222 1971 301 2045 τοὺς
326 1967 461 2045 Φωκέας
484 1968 657 2054 ἐξηγόρευε
676 1965 776 2034 οὐδέν
794 1971 877 2052 πρός
894 1991 930 2032 τε
946 1970 1025 2045 τοὺς
1044 1971 1124 2033 θεσ-

119 2075 243 2150 σαλοθς
265 2075 355 2157 ἐλεγε
377 2073 469 2139 τάδε’
488 2069 571 2156 ’Πγὼ
594 2073 665 2158 μέν,
690 2070 716 2140 ὦ
739 2075 860 2160 ἄνδρες
883 2074 1057 2155 Θεσσαλοί,
1081 2073 1125 2148 ὡς

120 2177 227 2262 δρᾶτε,
252 2177 425 2263 ἐπείγομαί
444 2201 479 2244 τε
506 2180 588 2242 κατὰ
610 2179 707 2262 τάχος
729 2181 790 2262 τήν
814 2179 898 2244 ἐλῶν
921 2177 955 2254 ές
976 2180 1125 2262 Θρηίκην

119 2281 175 2348 καὶ
202 2284 354 2366 σπουδήν
381 2287 460 2368 έγω,
487 2281 653 2368 πεμφθείς
679 2283 817 2347 κατότι
843 2291 977 2368 πρήγμα
1003 2282 1040 2348 ἐκ
1066 2290 1126 2348 τοῦ

121 2386 347 2472 στρατοπέδου
378 2391 458 2474 μετὰ
488 2389 607 2453 τῶνδε·
639 2387 737 2464 αὐτὸς
765 2384 802 2453 δέ
829 2388 908 2473 ὑμῖν
931 2388 1127 2474 Μαρδόνιος

120 2491 175 2558 καὶ
199 2493 217 2558 6
240 2495 379 2579 στρατὸς
400 2494 504 2560 αὐτοῦ
526 2487 623 2569 οὗτος
644 2494 727 2558 κατὰ
749 2494 853 2570 πόδας
876 2493 954 2578 ἐμεῦ
976 2493 1126 2559 έλαόνων

120 2599 344 2684 προσδόκιμός
357 2599 435 2665 έστι.
466 2607 587 2664 τοῦτον
600 2596 655 2663 καὶ
669 2596 819 2678 ξεινίζετε
836 2597 892 2664 καὶ
906 2593 944 2664 εὖ
957 2607 1127 2675 ποιεῦντες

122 2705 299 2790 φαίνεσθε·
323 2701 364 2767 οὐ
385 2705 449 2789 γάρ
472 2703 552 2788 ὑμῖν
570 2702 604 2780 ές
621 2706 746 2788 χρόνον
764 2703 870 2768 ταῦτα’
883 2711 1015 2768 ποιεῦσι
1033 2724 1127 2787 μετα-

121 2811 263 2895 μελήσει.
304 2815 406 2872 ταῦτα
429 2804 467 2873 δέ
489 2815 582 2885 είπας
604 2807 772 2890 ἀπήλαυνε
795 2807 924 2891 σπουδή
946 2807 1008 2890 τήν
1030 2821 1128 2892 στρα-

121 2916 196 2998 τιήν
215 2915 271 2979 διὰ
285 2915 467 2996 θεσσαλίης
480 2935 515 2978 τε
531 2911 585 2979 καὶ
599 2914 813 2996 Μακεδονίης
827 2913 888 2977 ίθδ
900 2919 958 2995 τής
972 2913 1127 2996 θρηίκης,

122 3020 168 3097 ὡς
198 3017 350 3103 ἀληθέως
377 3017 588 3102 ἐπειγόμενος
613 3016 669 3082 καὶ
696 3018 758 3100 τήν
785 3017 967 3101 μεσόγαιαν
993 3014 1128 3098 τάμνων

122 3134 179 3208 τῆς
196 3125 288 3191 ὁδοῦ.
319 3120 375 3188 καὶ
393 3121 580 3188 ἀπικνέεται
598 3121 631 3199 ἐς
649 3122 843 3204 Βυζάντιον,
861 3119 1049 3186 καταλιπὼν
1066 3126 1128 3183 τοῦ

123 3238 266 3314 στρατοῦ
292 3237 353 3295 τοῦ
381 3225 507 3294 ἑωυτοῦ
532 3209 768 3312 συχνοῦςῦπδ
792 3227 947 3312 Θρηίκων
968 3245 1004 3289 τε
1030 3246 1127 3288 κατα-

121 3333 281 3410 κοπέντας
306 3326 378 3398 κατ’
408 3331 490 3399 ὁδὸν
511 3329 567 3397 καὶ
588 3336 673 3420 λιμῷ
697 3329 880 3407 συστάντας
901 3323 956 3394 καὶ
977 3329 1128 3416 καμάτφ·

123 3437 160 3504 έκ
181 3440 365 3517 Βυζαντίον
388 3434 426 3502 δέ
449 3435 542 3521 διέβη
565 3438 718 3502 πλοίοισι.

176 3550 200 3589 ει
201 3560 270 3592 ιιιιι
283 3551 315 3591 τι
630 3541 633 3546 “
879 3541 915 3592 24
