2678 3968
413 281 481 337 ΜΒ.
495 281 555 336 v11.
594 281 670 338 σεε.
690 287 846 338 εει-εεε.
1069 283 1136 346 247

132 425 177 502 ὡς
199 425 408 510 μεμετιμένοι
431 448 465 490 τε
482 422 569 510 ἦσαν
588 426 624 492 έκ
640 435 703 491 τοῦ
721 425 945 508 στρατοπέδου
963 427 1027 492 ὑπὸ
1046 431 1135 493 Λεα-

130 532 231 596 υίδεω
260 529 315 596 καὶ
341 529 514 598 κατεκέατο
544 531 581 599 έν
605 529 796 616 Ἀλπηνοῖσι
824 533 1076 618 ὀφθαλμιῶντες
1103 533 1136 611 ές

130 637 169 701 τὸ
193 638 346 721 ἔσχατον,
373 636 394 722 ἢ
417 643 452 703 εί
469 660 507 721 γε
533 639 579 722 μή
603 638 782 721 ἐβούλοντο
805 647 978 722 νοστῆσαι,
1008 639 1135 706 ἀποθα-

133 752 205 807 νεῖν
228 742 294 826 ἀμα
316 753 403 808 τοῖσι
426 744 569 826 ἀλλοισι,
597 747 721 829 παρεόν
745 761 805 829 σφι
831 745 959 810 τούτων
981 746 1021 810 τά
1043 745 1137 832 ἕτερα

1 887 19 962 7,
132 846 258 914 ποιέειν
281 848 343 914 οὐκ
361 847 516 933 ἐθελήσαι
535 849 765 935 ὁμοφρονέειν,
789 849 871 916 ἀλλὰ
888 850 1003 936 γνώμη
1023 852 1136 916 διενει

132 953 275 1038 χθέντος
301 955 456 1039 Εὔρυτον
488 951 549 1040 μέν
576 959 771 1040 πυθόμενον
797 967 865 1022 τῶν
891 954 1050 1040 Περσέων
1076 958 1138 1040 τήν

132 1061 290 1144 περίοδον
323 1062 501 1144 αἰτήσαντά
531 1085 566 1127 τε
597 1063 637 1127 τδι
669 1063 753 1128 όπλα
782 1060 841 1127 καὶ
873 1061 1014 1128 ένδύντα
1045 1063 1139 1145 ἀγειν

133 1165 235 1230 αὐτὸν
262 1171 412 1232 κελεῦσαι
435 1168 494 1233 τὸν
517 1168 635 1233 εἵλωτα
658 1168 691 1246 ές
713 1170 792 1246 τοὺς
814 1163 1029 1252 μαχομένους,
1055 1169 1139 1245 ὅκως

134 1267 170 1337 δὲ
192 1271 295 1338 αὐτὸν
312 1274 424 1357 ήγαγε,
447 1273 507 1339 τδν
525 1271 586 1358 μέν
604 1274 771 1357 ἀγαγόντα
790 1279 941 1358 οίχεσθαι
960 1275 1137 1358 φεύγοντα,

132 1379 192 1442 τὸν
216 1374 253 1443 δέ
271 1378 452 1445 ἐσπεσόντα
470 1379 504 1456 ἐς
520 1381 580 1446 τὸν
599 1381 716 1464 ὅμιλον
734 1382 974 1464 διαφθαρῆναι,
994 1376 1138 1465 Ἀριστό-

2 1477 3 1522 3
83 1517 85 1522 ,
134 1485 241 1568 δημον
273 1480 310 1550 δέ
341 1483 585 1570 λιποψυχέοντα
616 1491 806 1570 λειφθῆναι.
851 1487 883 1551 εί
908 1484 970 1568 μέν
1002 1510 1067 1552 νυν
1095 1481 1139 1569 ἦν
1212 1492 1214 1501 '

134 1598 263 1674 μοῦνον
278 1587 515 1676 Ἀριστόδημον
528 1590 716 1675 ἀλγήσαντα
734 1591 957 1674 ἀπονοστῆσαι
975 1591 1008 1668 ές
1025 1593 1138 1678 Σπέρ-

133 1719 205 1779 την,
228 1694 248 1779 ή
271 1694 327 1760 καὶ
351 1695 435 1780 ὁμοῦ
459 1713 571 1780 σφεων
594 1695 791 1782 ἀμφοτέραν
810 1698 872 1781 τήν
889 1699 1029 1783 κομιδήν
1047 1697 1138 1781 γενέ·

134 1808 227 1884 σθαι,
247 1800 375 1867 δοκέειν
394 1799 466 1886 έμοί
485 1802 547 1868 οὐκ
565 1803 606 1866 ἀν
625 1819 686 1886 σφι
699 1805 908 1888 Σπαρτιήτας
926 1812 1026 1888 μῆνιν
1045 1803 1138 1868 οὐδε-

1 1922 23 1968 ε,
135 1911 215 1991 μίαν
237 1906 463 1992 προσθέσθαι·
486 1916 552 1973 νῦν
575 1904 612 1973 δὲ
633 1904 772 1992 τοῦμὲν
791 1908 900 1974 αὐτῶν
919 1907 1138 1992 ἀπολομένου,

132 2023 194 2080 τοῦ
223 2009 260 2079 δὲ
288 2021 344 2096 τῆς
371 2008 432 2097 μὲν
460 2012 559 2096 αὐτῆς
581 2011 740 2098 έχομένον
762 2015 958 2098 προφάσιος,
982 2014 1043 2080 οὐκ
1065 2014 1138 2080 έθε-

134 2121 296 2202 λήσαντος
315 2115 352 2183 δέ
366 2117 602 2202 ἀποθνήσκειν,
623 2118 808 2201 ἀναγκαίως
822 2136 884 2202 σφι
902 2122 988 2204 ἔχειν
1002 2130 1138 2205 μηνῖσαι

3 2253 4 2314 ι
135 2224 284 2309 μεγάλως
301 2222 536 2312 Ἀριστοδήμῳ.
574 2225 609 2289 οί
628 2223 689 2308 μέν
711 2247 776 2290 νυν
799 2225 885 2290 οὕτω
905 2232 1057 2310 σωθῆναι
1078 2225 1192 2292 λέ-ῖῖο

3 2315 4 2386 δ
133 2347 232 2414 γουσι
260 2327 498 2416 Ἀριστόδημον
534 2330 568 2407 ές
597 2331 757 2414 Σπάρτην
792 2329 847 2396 καί
883 2332 939 2397 διὰ
969 2335 1139 2418 πρόφασιν
1193 2409 1199 2424 .

3 2511 4 2520 χ
133 2437 283 2520 τοιήνδε,
311 2437 347 2502 οί
371 2433 408 2502 δέ
435 2437 576 2520 ἄγγελον
605 2434 800 2520 πεμφθέντα
823 2436 859 2503 έκ
880 2446 941 2503 τοῦ
964 2435 1139 2523 στρατοπέ-

3 2551 4 2568 ῖ
135 2545 209 2626 δου,
232 2541 324 2620 έξεδν
347 2542 435 2629 αὐτῷ
457 2544 655 2626 καταλαβεῖν
672 2543 733 2626 τήν
752 2543 860 2627 μάχην
878 2542 1058 2628 γινομένην
1077 2543 1139 2610 οὐκ

133 2649 306 2732 ἐθελήσαι,
334 2645 406 2713 ἀλλ’
431 2647 654 2732 ὑπομείναντα
680 2646 718 2714 έν
739 2657 779 2733 τη
803 2648 870 2736 ὁδῷ
893 2647 1137 2734 περιγενέσθαι,

3 2787 4 2808 ι
132 2757 192 2820 τὸν
222 2751 260 2820 δέ
287 2755 492 2837 συνάγγελον
523 2753 627 2820 αὐτοῦ
655 2753 856 2838 ἀπικόμενον
883 2753 916 2830 ές
942 2755 1004 2838 τήν
1030 2753 1137 2839 μάχην

2 2906 7 2929 ι
133 2861 328 2927 ἀποθανεῖν.
375 2859 603 2944 ἀπονοστήσας
626 2856 662 2926 δέ
685 2860 719 2937 ές
736 2861 968 2943 Λακεδαίμονα
987 2854 1127 2944 Ἀριστό-
1139 2875 1187 2926 281

135 2969 239 3051 δημορ
261 2967 391 3043 ὄνειδός
413 2989 447 3031 τε
470 2961 536 3050 είχε
558 2964 613 3040 καί
636 2965 782 3049 ἀτιμίην·
809 2965 945 3048 πάσχων
968 2962 1005 3030 δέ
1026 2963 1137 3029 τοιοίδε

133 3073 290 3158 ήτίμωτο·
314 3073 390 3138 οὔτε
413 3071 449 3138 ol
468 3081 534 3156 πῦρ
558 3068 668 3147 οὐδεὶς
690 3067 1042 3153 έναυεΣπαρτιητέου
1062 3069 1136 3134 οὔτε

135 3179 309 3263 διελέγετο,
328 3178 458 3254 ὄνειδός
475 3199 510 3242 τε
528 3172 594 3260 εἶχε
613 3175 631 3241 ὁ
645 3173 762 3261 τρέσας
776 3169 1008 3260 Ἀριστόδημος
1025 3176 1137 3240 καλεό-

133 3308 240 3370 μενος.
281 3280 353 3350 ἀλλ’
379 3283 397 3350 ὁ
421 3279 482 3367 μέν
505 3282 542 3347 έν
563 3289 603 3366 τή
626 3280 663 3346 έν
682 3284 867 3365 Πλαταιῇσι
890 3280 975 3365 μάχη
999 3277 1136 3364 ἀνέλαβε

133 3399 242 3456 πᾶσαν
259 3391 321 3473 τήν
340 3388 587 3473 ἐπενειχθεῖσαν
606 3387 723 3469 αίτέην.
757 3383 885 3471 λέγεται
903 3382 939 3451 δέ
956 3382 1011 3451 καὶ
1025 3385 1190 3452 ἀλλονκεκ

11 3569 16 3590 ,
134 3493 393 3577 ἀποπεμφθέντα
416 3495 557 3575 ἀγγελον
584 3491 618 3570 ές
641 3495 827 3576 Θεσσαλίην
849 3502 916 3558 τῶν
937 3494 1137 3574 τριηκοσίων
