2640 3960
220 241 282 306 108
629 237 817 294 HERODOTI

218 369 420 450 αλλάσσοντο
441 382 486 461 ὡς
508 382 762 468 ἀπεστερημένοι
780 392 847 447 τῶν
864 381 1049 467 χρημάτων,
1072 381 1221 455 Γλαῦκος

219 483 256 553 δὲ
292 488 464 574 ἐπορεύετο
501 489 534 566 ές
569 491 726 573 Δελφοὺς
760 489 963 574 χρησόμενος
999 493 1044 573 τῷ
1080 502 1221 570 χρηστη-

218 595 288 681 ρίῳ.
334 594 559 679 ἐπειρωτῶντα
590 589 627 659 δὲ
654 594 757 659 αὐτὸν
783 595 820 658 τὸ
848 593 1048 678 χρηστήριον
1075 596 1110 656 εί
1133 592 1221 677 ὅρκῳ

217 700 258 764 τά
292 703 440 785 χρήματα
475 702 643 784 ληίσηται,
677 697 698 782 ή
731 701 847 782 Πυθίη
879 695 1065 782 μετέρχεται
1095 697 1221 762 τοισίδε
1307 774 1308 778 ¹

217 813 304 870 τοῖσι
327 808 430 871 ἔπεσι·

262 908 382 976 Γλαῦκ’
405 906 627 995 Ἐπικυδείδη,
649 911 687 976 τὸ
710 907 771 996 μὲν
794 909 910 975 αὐτίκα
931 908 1066 995 κέρδιον
1089 907 1177 973 οὕτω

254 1013 361 1104 Ὅρκςο
383 1026 515 1100 νικήσαι
537 1015 592 1082 καὶ
609 1019 758 1102 χρήματα
781 1018 992 1100 ληίσσασθαι.

252 1118 385 1206 Ὅμνυ’,
409 1120 478 1188 ἐπεὶ
500 1122 646 1198 θάνατός
667 1147 705 1205 γε
727 1120 782 1187 καί
805 1122 945 1206 εὔορκον
968 1119 1059 1204 μένει
1081 1119 1199 1203 ἀνδρα.

258 1223 344 1292 Ἀλλ’
371 1224 492 1313 Ὅρκον
514 1227 589 1303 πάις
612 1225 701 1293 ἐστὶν
724 1227 911 1312 ἀνώνυμος,
940 1223 1014 1292 οὐδ’
1040 1227 1093 1290 ἔπι
1115 1235 1223 1310 χεῖρες

263 1329 352 1398 Οὐδὲ
373 1334 485 1409 πόδες·
507 1333 667 1417 κραιπνὸς
686 1329 723 1398 δὲ
741 1333 937 1417 μετέρχεται,
955 1333 1003 1408 είς
1020 1332 1039 1396 ό
1056 1354 1093 1396 κε
1110 1339 1222 1396 πᾶσαν
1309 1341 1310 1348 ’

262 1439 470 1522 Σωμμάρψας
492 1437 591 1523 ὀλέση
612 1439 731 1522 γενεήν
753 1437 808 1502 καὶ
831 1434 924 1504 οἷκον
947 1438 1082 1502 ἅπαντα.

259 1537 395 1628 Ἀνδρὸς
418 1540 448 1608 δ’
475 1543 616 1627 εὐόρκου
638 1544 736 1627 γενεή
758 1545 959 1627 μετόπισθεν
981 1543 1136 1628 ἀμείνων.

217 1657 320 1714 ταῦτα
346 1648 489 1726 ἀκούσας
517 1649 535 1714 ὁ
559 1651 708 1726 Γλαῦκος
729 1650 929 1734 συγγνώμην
951 1651 1011 1715 τὸν
1032 1650 1115 1714 θεὸν
1138 1670 1221 1734 παρ-

218 1752 341 1820 αιτέετο
364 1755 452 1842 αὐτῷ
476 1760 580 1839 ίσχειν
598 1765 665 1820 τῶν
688 1753 869 1840 ῥηθέντων.
910 1755 931 1838 ἡ
955 1751 992 1820 δέ
1015 1758 1132 1838 Πυθίη
1156 1757 1220 1839 ἔφη

217 1862 254 1926 τὸ
273 1867 472 1946 πειρηθῆναι
489 1869 550 1926 τοῦ
567 1867 652 1926 θεοῦ
670 1859 778 1926 καὶτὸ
797 1871 931 1946 ποιήσαι
949 1867 1024 1926 ίσον
1042 1862 1221 1927 δύνασθαι.
1306 1903 1312 1926 ι

183 1969 367 2043 θΓλαῦκος
389 1963 450 2050 μὲν
473 1967 514 2050 δή
537 1966 826 2051 μεταπεμψάμενος
847 1969 926 2044 τούς
946 1971 1136 2051 Μιλησίους
1159 1966 1221 2046 ξεί·
1312 1956 1313 1978 ’

217 2095 298 2150 νους
321 2073 479 2138 ἀποδιδοῖ
494 2089 555 2156 σφι
572 2073 612 2139 τά
630 2075 787 2158 χρήματα.
825 2082 886 2138 τοῦ
904 2069 941 2138 δὲ
959 2073 1067 2139 εἵνεκα
1085 2073 1103 2140 ό
1121 2077 1223 2158 λόγος

218 2179 290 2261 ὅδε,
318 2174 344 2244 ὦ
371 2176 558 2260 Ἀθηναῖοι,
587 2177 719 2262 ὁρμήθη
746 2177 903 2261 λέγεσθαι
930 2178 963 2256 ές
989 2179 1104 2264 ὑμέας,
1133 2182 1222 2266 είρή-

218 2298 321 2347 σεται·
343 2285 496 2348 Γλαύκου
517 2291 582 2347 νῦν
606 2283 682 2348 οὐτε
703 2306 736 2347 τι
753 2283 921 2368 ἀπόγονον
939 2287 1008 2350 ἔστι
1026 2282 1128 2350 οὐδὲν
1146 2284 1219 2352 οὐτ’

219 2387 305 2469 ίστίη
334 2387 471 2470 οὐδεμία
493 2387 691 2472 νομιζομένη
714 2383 800 2454 εἶναι
822 2391 990 2472 Γλαύκον,
1019 2388 1223 2474 ἐκτέτριπταί

216 2513 252 2555 τε
282 2493 457 2576 πρόρριζος
482 2491 519 2558 έκ
544 2492 708 2576 Σπάρτης.
754 2493 841 2559 οὕτω
873 2495 1003 2579 ἀγαθὸν
1033 2491 1117 2579 μηδὲ
1150 2496 1222 2562 δια-

217 2593 374 2662 νοέεσθαι
396 2595 471 2683 περὶ
493 2600 689 2682 παραθήκης
708 2600 787 2664 ἀλλο
805 2623 843 2682 γε
860 2599 881 2684 ή
900 2599 1122 2666 ἀπαιτεόντων
1140 2601 1220 2668 ἀπο-

219 2703 359 2768 διδόναι.
404 2704 609 2787 Λευτυχίδης
640 2700 702 2788 μὲν
734 2710 825 2781 είπας
855 2713 972 2788 ταῦτα,
1004 2706 1049 2782 ὥς
1080 2707 1116 2772 οί
1141 2705 1222 2775 οὐδὲ

165 2827 199 2876 8⁷
219 2809 306 2875 οὕτω
329 2808 489 2892 ἐσήκουον
510 2809 548 2875 οί
564 2805 747 2893 Ἀθηναῖοι,
765 2809 1002 2876 ἀπαλλάσσετο·
1020 2812 1056 2876 οί
1070 2809 1108 2877 δὲ
1125 2816 1219 2897 Αἰγι-

217 2925 329 3000 νήται,
356 2913 434 3000 πρὶν
461 2925 529 2980 τῶν
556 2917 718 3000 πρότερον
745 2915 953 3000 ἀδικημάτων
980 2917 1100 2982 δοῦναι
1127 2919 1223 2998 δίκας
1312 2907 1313 2912 ¹

217 3032 284 3086 τῶν
321 3021 354 3099 ές
385 3018 584 3104 Ἀθηναίους
619 3021 763 3106 ὕβρισαν
797 3024 971 3104 Θηβαίοισι
1001 3026 1222 3110 χαριζόμενοι,

109 3203 118 3216 ·
218 3126 376 3209 ἐποίησαν
407 3127 552 3192 τοιόνδε·
587 3129 792 3210 μεμφόμενοι
818 3136 905 3191 τοίσι
930 3124 1139 3209 Ἀθηναίοισι
1165 3130 1223 3196 καὶ

217 3229 385 3308 ἀξιοῦντες
394 3230 594 3312 ἀδικέεσθαι,
605 3231 649 3308 ὡς
658 3233 919 3316 τιμωρησόμενοι
932 3234 1011 3309 τούς
1021 3227 1224 3317 Ἀθηναίους

217 3335 505 3420 παρεσκευάζοντο.
540 3333 595 3402 καί
613 3331 656 3420 ήν
673 3337 736 3420 χάρ
756 3337 797 3420 δή
816 3347 902 3402 τοῖσι
920 3337 1127 3420 Ἀθηναίοισι
1144 3364 1223 3408 πεν-

217 3438 344 3524 τετηρὶς
366 3438 419 3505 ἐπὶ
440 3443 591 3527 Σουνίῳ,
617 3444 815 3525 λοχήσαντες
837 3437 885 3508 ὧν
907 3444 968 3527 τήν
989 3447 1139 3529 θεωρίδα
1161 3448 1223 3514 νέα
