2640 3960
208 285 252 348 80
621 282 807 338 HERODOTI

209 429 253 503 ώς
271 427 394 511 ἀνδρὸς
416 427 564 512 μεγάλως
587 425 697 515 ἑωυτῷ
719 426 830 492 τεκαὶ
855 426 1003 514 Πέρσησι
1026 424 1214 512 εὐεργέτεω.

154 551 188 598 31
207 535 247 597 τά
265 527 325 616 μέν
343 531 417 618 περὶ
432 531 587 608 Ἱστιαῖον
605 534 691 598 οὕτω
711 533 834 618 ἔσχε’ό
854 513 895 599 δέ
905 534 1059 610 ναυτικὸς
1074 535 1215 618 στρατὸς

207 638 225 703 ὁ
249 638 407 724 Περσέων
433 643 618 725 χειμερίσας
640 637 714 724 περὶ
736 642 890 721 Μίλητον
912 647 958 727 τῷ
983 637 1125 726 δευτέρῳ
1150 643 1218 703 ἔτει·

208 746 252 822 ώς
275 745 452 824 ἀνέπλωσε,
476 745 578 828 αἱρέει
601 744 760 822 εὐπετέως
781 747 839 822 τάς
858 747 982 828 νήσους
999 747 1056 821 τάς
1073 745 1157 828 πρὸς
1174 753 1216 829 τῇ

206 852 329 939 ήπείρςο
352 851 513 936 κειμένας,
537 855 622 916 Χίον
644 849 698 916 καλ
716 849 848 934 Λέσβον
865 850 919 916 καὶ
941 850 1093 916 Τένεδον.
1130 851 1218 927 ὅκως

207 955 245 1024 δὲ
271 960 367 1041 λάβοι
394 959 468 1022 τινά
495 968 562 1022 τών
586 960 714 1039 νήσων,
743 958 786 1034 ὡς
819 956 958 1041 ἑκάστην
987 955 1155 1041 αίρέοντες
1183 957 1220 1021 οἱ

207 1066 370 1149 βάρβαροι
402 1063 604 1146 ἐσαγήνευον
630 1065 709 1139 τοὺς
736 1062 944 1145 ἀνθρώπους.
990 1063 1218 1145 σαγηνεύουσι

207 1167 245 1235 δέ
264 1173 359 1236 τόνδε
377 1172 437 1234 τὸν
454 1172 593 1254 τρόπον·
612 1168 696 1252 ἀνὴρ
715 1169 837 1253 ἀνδρὸς
855 1168 1022 1252 ἁψάμενος
1034 1178 1093 1251 τῆς
1106 1169 1219 1252 χειρὸς

207 1276 244 1341 ἐκ
265 1277 436 1358 θαλάσσης
457 1284 514 1357 τής
537 1277 674 1358 βορηίης
697 1272 749 1339 ἐπὶ
773 1276 832 1358 τήν
851 1278 967 1355 νοτίην
987 1276 1141 1357 διήκουσι
1158 1273 1217 1339 καὶ

207 1384 317 1446 ἔπειτα
346 1383 400 1446 διά
427 1381 532 1462 πάσης
554 1390 611 1463 της
635 1381 741 1462 νήσου
766 1379 952 1464 διέρχονται
975 1380 1218 1462 ἐκθηρεύοντες

206 1490 285 1564 τοὺς
318 1487 526 1570 ἀνθρώπους.
572 1486 685 1570 αἵρεον
717 1482 754 1551 δὲ
784 1484 838 1550 καὶ
869 1488 927 1563 τάς
960 1486 997 1550 ἐν
1022 1495 1062 1570 τῇ
1089 1486 1217 1573 ήπείρῳ

206 1597 323 1670 πόλιας
349 1594 406 1668 τάς
430 1589 536 1668 Ἰάδας
562 1593 644 1656 κατά
670 1591 785 1675 ταύτά,
813 1594 899 1675 πλήν
927 1591 989 1657 οὐκ
1011 1591 1217 1675 ἐσαγήνευον

153 1717 187 1766 32
206 1703 284 1775 τούς
303 1699 515 1784 ἀνθρώπους·
539 1697 580 1762 οὐ
597 1699 661 1782 γάρ
680 1688 734 1762 οἷά
750 1721 785 1762 τε
803 1693 854 1780 ήν.
892 1698 1039 1763 ἐνθαῦτα
1054 1695 1217 1780 Περσέων

207 1806 242 1870 οί
263 1803 437 1888 στρατηγοὶ
466 1803 526 1868 οὐκ
554 1804 735 1880 ἐψεύσαπο
762 1804 820 1880 τὰς
847 1803 981 1880 ἀπειλάς
1002 1804 1060 1880 τὰς
1083 1803 1217 1884 ἐπηπεί·

206 1917 312 1994 λησαν
335 1921 421 1974 τοῖσι
441 1905 533 1976 ’Ίωσι
556 1909 927 1993 στρατοπεδευομένοισι
951 1909 1085 1974 ἐναντία
1109 1911 1216 1991 σφίσι.

206 2018 251 2093 ώς
277 2019 340 2101 γάρ
364 2018 404 2100 δή
428 2015 650 2100 ἐπεκράτησαν
673 2025 740 2079 τῶν
762 2017 904 2097 πολίων,
934 2015 1055 2091 παῖδάς
1076 2037 1113 2078 τε
1135 2016 1216 2090 τοὺς

206 2123 453 2198 εὐειδεστάτους
480 2120 687 2204 ἐκλεγόμενοι
711 2119 886 2204 ἐξέταμνον
909 2117 964 2184 καὶ
988 2120 1121 2184 ἐποίευν
1141 2117 1216 2183 ἀντὶ

207 2224 291 2292 εἶναι
324 2227 475 2310 ἐνόρχιας
506 2225 687 2308 εὐνούχους
719 2223 772 2289 καὶ
800 2223 991 2309 παρθένους
1017 2227 1076 2302 τάς
1104 2230 1216 2290 καλλι·

206 2333 387 2406 στενούσας
418 2331 648 2406 ἀνασπάστους
679 2330 767 2413 παρά
793 2329 943 2412 βασιλέα·
974 2331 1078 2396 ταῦτά
1108 2355 1145 2396 τε
1173 2332 1215 2414 δή

206 2437 339 2501 ἐποίευν
370 2433 424 2498 καλ
455 2436 512 2510 τὰς
541 2437 656 2509 πόλιας
688 2434 933 2521 ἐνεπίμπρασαν
964 2435 1095 2500 αὐτοῖσι
1127 2448 1216 2502 τοῖσι

207 2543 315 2626 ίροίσι.
361 2540 446 2604 οὕτω
479 2541 519 2621 δή
551 2541 588 2603 τὸ
620 2542 732 2623 τρίτου
755 2537 868 2616 Ἴωνες
898 2542 1215 2625 κατεδουλώθησαν,
1304 2577 1305 2615 ι

205 2657 337 2732 πρῶτον
370 2641 432 2729 ’μέν
467 2644 532 2710 ὑπὸ
564 2645 704 2728 Λυδῶν,
741 2642 793 2720 δὶς
826 2641 863 2710 δὲ
894 2645 1006 2729 ἐπεξής
1040 2649 1116 2712 τότε
1149 2648 1214 2712 ὑπὸ
1303 2707 1304 2778 χ

206 2751 372 2837 Περσέων.
1302 2805 1303 2808 ,

152 2875 186 2922 33
291 2855 368 2922 Ἀπὸ
394 2854 429 2922 δὲ
450 2852 575 2940 Ἰωνίης
598 2857 887 2940 ἀπαλλασσόμενος
904 2857 923 2922 ό
941 2859 1098 2934 ναυτικὸς
1117 2875 1216 2944 στρα-

203 2967 261 3040 τὸς
282 2966 322 3028 τά
345 2960 393 3027 ἐπ’
421 2963 574 3046 ἀριστερά
596 2962 765 3027 ἐσπλέοντι
783 2970 843 3026 τοῦ
858 2958 1104 3043 Ἑλλησπόντου
1124 2966 1216 3050 αἵρεε
1300 2979 1302 3104 χ

205 3070 325 3133 πάντα·
352 3070 392 3132 τά
417 3070 481 3151 γάρ
510 3066 561 3132 ἐπὶ
590 3067 680 3145 δεξιά
708 3067 836 3132 αὐτοῖσι
860 3065 1009 3152 Πέρσησι
1038 3069 1216 3155 ὑποχείρια

205 3169 248 3254 ήν
270 3176 429 3255 γεγονότα
452 3170 520 3237 κατ’
547 3175 692 3258 ἤπειρον.
739 3169 802 3236 είσλ
826 3167 863 3236 δέ
885 3172 923 3235 αἱ
942 3173 979 3237 ἐν
1001 3183 1041 3258 τῇ
1064 3176 1215 3262 Εὐρώπη

206 3278 278 3340 αἵδε
304 3287 364 3341 τοῦ
381 3276 636 3360 Ἑλλησπόντου,
659 3279 868 3362 Χερσόνησός
894 3300 945 3360 τε,
971 3278 1009 3343 ἐν
1034 3289 1076 3365 τῇ
1099 3286 1217 3360 πόλιες

205 3380 324 3465 συχναὶ
356 3385 471 3463 ἔνεισι,
508 3381 562 3447 καὶ
590 3381 760 3468 Πέρινθος
792 3379 845 3446 καὶ
877 3383 916 3446 τά
947 3386 1055 3467 τείχεα
1085 3388 1128 3451 τά
1162 3386 1217 3455 ἐπὶ
1299 3379 1300 3404 ³

205 3489 350 3569 Θρηίκης
372 3484 426 3550 καὶ
449 3489 645 3571 Σηλυμβρίη
667 3509 703 3551 τε
725 3485 779 3550 καὶ
802 3485 990 3563 Βυζάντιον.
1033 3493 1217 3570 Βυζάντιοι
