2678 3968
430 239 585 296 L13.v111.
618 239 693 296 CAP.
713 247 834 295 εε-ιο.
1078 243 1142 307 291

138 386 183 462 ὡς
216 379 254 450 εὖ
286 385 477 468 ἀγωνίζεται
508 381 563 449 καὶ
594 383 653 450 νέα
680 393 748 449 τῶν
775 387 941 470 πολεμίων
970 385 1142 466 κατέδυσε;

136 489 192 557 καλ
224 493 282 557 τὸν
314 489 505 576 ἐπειρέσθαι
537 491 567 554 εί
598 489 748 572 ἀληθέως
782 489 850 556 έστλ
878 486 1080 579 Ἀρτεμισίης
1106 497 1143 559 τὸ

138 601 252 682 ἔργον,
275 595 430 673 καὶτοὺς
453 597 568 681 φάναι,
592 594 724 680 σαφέως
745 598 783 661 τὸ
808 596 968 682 ἐπίσημον
990 608 1047 682 τῆς
1069 601 1145 677 νεὸς

139 703 386 788 ἐπισταμένους·
423 705 484 786 τὴν
512 699 549 767 δέ
581 704 828 787 διαφθαρεῖσαν
855 703 1031 786 ἠπιστέατο
1059 701 1144 771 εἶναι

137 813 306 893 πολεμίην.
343 809 383 873 τά
400 832 435 874 τε
453 810 516 893 γάρ
536 809 629 891 ίίλλα,
648 809 693 885 ὡς
713 814 849 894 εἴρηται,
870 809 952 894 αὐτη
971 813 1144 894 συνήνεικε

138 915 171 993 ές
199 916 353 1000 εὐτυχίην
381 917 543 999 γενόμενα
569 913 684 979 καὶτὸ
707 925 774 979 τῶν
797 915 833 980 ἐκ
854 925 912 999 τῆς
933 919 1145 1002 Καλυνδικῆς

137 1023 213 1100 νεὸς
231 1021 358 1107 μηδένα
376 1019 593 1085 ἀποσωθέντα
611 1023 799 1106 κατήγορον
813 1020 980 1103 γενέσθαι.
1017 1021 1145 1108 Ξέρξην

139 1126 176 1194 δὲ
199 1129 303 1192 εἰπεῖν
326 1125 453 1210 λέγεται
475 1127 557 1212 πρὸς
578 1127 619 1190 τά
642 1129 845 1210 φραζόμενα·
875 1129 920 1192 OC
940 1126 1001 1213 μέν
1024 1131 1145 1215 ἄνδρες

138 1235 299 1318 γεγόνασί
318 1254 375 1316 μοι
396 1241 560 1314 γυναῖκες,
585 1231 622 1295 αί
642 1228 679 1295 δὲ
701 1241 856 1314 γυναῖκες
878 1234 1005 1318 άνδρες.
1042 1245 1145 1301 ταῦτα
1200 1244 1202 1250 ’

138 1337 200 1425 μέν
223 1337 349 1424 Ξέρξην
376 1335 459 1421 φασὶ
487 1339 599 1402 εἰπεῖν.
645 1337 682 1402 έν
709 1335 747 1402 δὲ
768 1345 813 1426 τῷ
837 1341 928 1426 πόνφ
951 1341 1057 1428 τοότφ
1082 1341 1145 1407 άπὸ
1164 1362 1197 1410 89

139 1444 200 1532 μὲν
219 1448 320 1510 ἔθανε
339 1443 357 1509 ὁ
377 1445 557 1529 στρατηγὸς
572 1441 780 1528 Ἀριαβίγνης
798 1444 816 1510 ὁ
836 1450 995 1531 Δαρείου,
1018 1446 1145 1532 Ξέρξεω

140 1553 203 1618 ἐὼν
227 1552 402 1635 ἀδελφεός,
426 1550 489 1614 άπὸ
514 1547 550 1614 δὲ
576 1551 670 1615 ἄλλοι
693 1555 813 1615 πολλοί
832 1575 866 1617 τε
889 1550 943 1618 καί
968 1553 1146 1638 ὀνομαστοὶ

141 1657 299 1744 Περσέων
317 1655 372 1722 καὶ
385 1657 518 1738 Μήδων
535 1653 590 1720 καλ
608 1667 676 1720 τῶν
694 1657 804 1721 άλλων
823 1659 1015 1743 συμμάχων,
1039 1659 1146 1742 ὀλίγοι

141 1765 180 1831 δέ
195 1789 283 1842 τινες
300 1761 544 1846 καλἙλλήνων·
563 1763 620 1827 δίτε
637 1764 701 1848 γὰρ
719 1761 808 1828 νέειν
823 1763 1042 1848 ἐπιστάμενοι,
1059 1777 1147 1832 τοῖσι
1242 1803 1247 1816 ν

140 1875 178 1938 αί
197 1871 269 1948 νέες
292 1873 543 1955 διεφθείροντο,
567 1869 602 1934 οί
621 1870 665 1953 μὴ
689 1868 725 1933 έν
748 1880 868 1953 χειρῶν
890 1872 982 1957 νόμφ
1005 1871 1146 1938 άπολλύ·

141 2003 235 2065 μενοι
267 1977 300 2054 ές
331 1979 392 2061 την
421 1981 597 2059 Σαλαμῖνα
626 1973 764 2040 διένεον.
809 1985 876 2039 τῶν
904 1972 941 2040 δὲ
968 1978 1146 2063 βαρβάρων
1231 2017 1246 2028 -

141 2087 177 2151 οί
196 2082 313 2150 πολλοὶ
336 2083 373 2149 έν
394 2093 434 2168 τῇ
452 2083 606 2167 θαλάσση
626 2081 869 2166 διεφθάρησαν,
892 2081 981 2148 νέειν
1000 2084 1061 2148 οὐκ
1079 2084 1146 2149 έπι-

141 2191 305 2274 στάμενοι.
352 2185 421 2254 ἐπεὶ
453 2183 491 2252 δὲ
523 2189 560 2252 αί
587 2195 713 2268 πρῶται
745 2187 778 2264 ές
809 2188 922 2271 φυγὴν
953 2187 1145 2273 ἐτράποντο,

142 2298 289 2364 ἐνθαῦτα
321 2296 358 2360 αί
386 2299 535 2360 πλεῖσται
568 2295 813 2378 διεφθείροντο.
863 2295 899 2358 οί
926 2295 989 2380 γάρ
1027 2297 1146 2362 ὄπισθε

141 2401 343 2487 τεταγμένοι,
367 2401 401 2478 ἐς
422 2403 459 2465 τὸ
482 2402 611 2486 πρόσθε
633 2409 708 2485 τῇσι
730 2399 830 2483 νηυσὶ
852 2400 1006 2487 παριέναι
1028 2403 1146 2488 πειρώ-

142 2533 237 2596 μενοι
269 2509 313 2586 ίις
342 2506 582 2591 ἀποδεξόμενοί
605 2530 637 2570 τι
663 2505 718 2570 καλ
750 2505 845 2572 αὐτοὶ
877 2509 977 2592 ἔργον
1008 2507 1146 2592 βασιλέϊ,

141 2627 216 2703 τῇσι
234 2615 415 2701 σφετέρῃσι
429 2612 529 2697 νηυσὶ
543 2613 749 2698 φευγούσησι
762 2612 984 2698 περιέπιπτον.
1016 2613 1145 2698 ἐγένετο
1165 2633 1199 2680 90

143 2722 181 2790 δὲ
207 2721 262 2789 καλ
288 2723 365 2787 τόδε
393 2720 429 2787 έν
451 2728 496 2808 τῷ
520 2719 658 2806 θορύβφ
681 2719 802 2805 τούτφ·
832 2730 899 2784 τῶν
920 2742 1008 2796 τινες
1033 2722 1147 2784 Φοινί-

142 2855 222 2913 κων,
245 2839 312 2894 τῶν
335 2829 372 2893 αί
392 2825 464 2903 νέες
488 2825 705 2910 διεφθάρατο,
729 2823 884 2899 ἐλθόντες
904 2825 992 2908 παρὰ
1010 2823 1146 2907 βασιλέα

143 2937 319 3021 διέβαλλον
345 2936 424 3010 τοὺς
442 2931 576 3014 Ἴωνας,
604 2932 649 3007 ὡς
672 2926 716 2994 δι’
743 2929 890 3005 ἐκείνους
913 2929 1090 2994 ἀπολοίατο
1113 2931 1150 2994 αί

142 3043 225 3126 νέες,
249 3043 293 3119 ὡς
315 3041 519 3128 προδόντων.
556 3039 729 3121 συνήνεικε
752 3031 800 3100 ὧν
824 3034 909 3099 οὕτω
928 3035 1011 3099 ὥστε
1025 3029 1147 3101 Ἰάνων

141 3173 177 3215 τε
204 3146 283 3226 τοὺς
310 3148 512 3234 στρατηγοὺς
539 3145 583 3229 μη
610 3139 793 3207 ἀπολέσθαι
819 3143 985 3205 Φοινίκων
1007 3163 1042 3206 τε
1069 3143 1147 3218 τοὺς

144 3257 384 3339 διαβάλλοντας
397 3256 512 3336 λαβεῖν
529 3250 660 3314 τοιόνδε
679 3249 815 3332 μισθόν·
840 3249 887 3311 ἔτι
905 3247 1032 3312 τούτων
1045 3256 1147 3313 ταῦτα

143 3365 309 3446 λεγόντοιν
338 3359 471 3444 ἐνέβαλε
497 3355 554 3441 νηλ
578 3350 704 3440 Ἀττικῇ
727 3355 960 3439 Σαμοθρηικίη
990 3361 1081 3436 νηῦς.
1125 3353 1147 3438 ἤ

143 3490 179 3534 τε
212 3467 252 3554 δη
278 3461 404 3550 Ἀττικὴ
441 3462 614 3529 κατεδύετο
651 3459 706 3525 καλ
741 3456 961 3544 ἐπιφερομένη
989 3459 1145 3543 Αόγιναίη

882 3561 933 3616 ιο*
