2678 3970
412 247 479 302 ΜΒ.
496 246 553 301 vn.
592 246 668 302 οΑΡ.
688 253 809 302 41-47.
1057 249 1119 316 163

117 391 247 475 ἐγίνετό
269 415 304 456 τε
326 389 382 456 καὶ
404 390 523 456 ἐνίκων
549 395 702 468 Φοίνικες
720 393 891 474 Σιδώνιοι,
915 393 1005 476 ἥσθη
1023 416 1058 459 τε
1081 403 1119 479 τῇ

117 497 236 582 ἁμίλλη
268 495 323 562 καὶ
353 506 393 582 τῇ
421 505 564 582 στρατιῇ.
610 497 654 573 ῶς
682 493 718 561 δὲ
746 497 815 582 ώρα
842 498 947 562 πάντα
974 495 1034 583 μὲν
1061 500 1120 564 τὸν
1139 517 1172 568 45

111 600 359 685 Ἑλλήσποντον
385 602 450 668 ὑπὸ
477 613 545 668 τῶν
572 613 658 667 νεῶν
687 601 993 687 ἀποκεκρυμμένον,
1015 607 1120 683 πάσας

117 707 155 775 δέ
177 712 234 786 τάς
257 708 354 784 ἀκτὰς
375 707 430 772 καὶ
453 709 493 772 τὰ
511 705 704 790 Ἀβυδηνῶν
722 709 819 772 πεδία
837 707 972 775 ἐπίπλεα
989 710 1120 796 ἀνθρώ-

115 839 204 898 πων,
236 816 382 881 ἐνθαῦτα
414 813 432 878 6
460 813 583 899 Ξέρξης
610 813 735 880 ἑωυτὸν
762 814 949 899 ἐμακάρισε,
978 819 1057 898 μετὰ
1084 814 1120 882 δὲ

12 933 13 948 ’
116 931 214 987 τοῦτο
238 921 406 1004 ἐδάκρυσε.
444 921 563 1004 μαθὼν
587 919 626 985 δέ
646 944 703 1003 μιν
724 914 921 1004 Ἀρτάβανος
942 920 960 986 6
978 921 1118 1006 πάτρως,
1137 941 1171 989 46

116 1028 153 1104 ὃς
178 1030 372 1112 τὸπρῶτον
398 1026 535 1109 γνώμην
562 1024 737 1104 ἀπεδέξατο
766 1024 950 1112 ἐλευθέρως
975 1027 1016 1092 ού
1040 1043 1120 1112 συμ

115 1134 287 1218 βουλεύων
306 1131 410 1218 Ξέρξη
434 1132 671 1217 στρατεύεσθαι
695 1129 748 1196 ἐπί
769 1131 830 1214 τὴν
848 1128 999 1216 Ἑλλάδα,
1024 1127 1120 1209 οὗτος

115 1241 206 1324 ὡνηρ
239 1236 402 1323 φρασθεὶς
429 1236 555 1321 Ξέρξην
587 1237 795 1322 δακρύσαντα
828 1242 932 1319 είρετο
964 1239 1055 1303 τάδε·
1082 1230 1119 1302 Ὦ

115 1350 269 1429 βασιλεῦ,
304 1345 349 1421 ώς
379 1346 504 1410 πολλὸν
536 1343 688 1426 ἀλλήλων
723 1342 946 1428 κεχωρισμένα
978 1343 1118 1428 ἐργάσαο

115 1461 179 1518 νῦν
201 1475 236 1516 τε
263 1449 318 1516 καί
345 1450 445 1535 ὀλίγῳ
468 1449 643 1532 πρότερον·
675 1452 856 1533 μακαρίσας
882 1450 945 1535 γάρ
973 1451 1119 1514 σεωυτὸν

116 1559 277 1644 δακρύεις.
314 1556 332 1622 6
353 1553 390 1621 δὲ
409 1551 490 1620 εἶπε·
512 1549 649 1636 Ἐσηλθε
667 1555 731 1638 γάρ
749 1577 789 1637 με
807 1554 1027 1639 λογισάμενον
1044 1579 1118 1620 κατ-

115 1676 273 1750 οικτεῖραι
299 1663 344 1740 ώς
373 1663 496 1746 βραχὺς
523 1666 572 1742 είη
601 1659 619 1724 6
646 1669 708 1736 πᾶς
736 1659 948 1744 ἀνθρώπινος
975 1664 1061 1744 βίος,
1089 1663 1121 1729 εί

114 1771 243 1836 τούτων
265 1793 303 1852 γε
326 1769 450 1834 ἐόντων
472 1767 641 1831 τοσούτων
665 1763 775 1841 οὐδεὶς
798 1766 830 1841 ἐς
854 1765 1028 1832 ἑκατοστὸν
1048 1769 1119 1843 ἔτος

10 1927 14 1946 .
114 1875 291 1962 περιέσται.
337 1871 415 1940 666
439 1873 589 1956 ἀμείβετο
613 1870 733 1953 λέγων·
748 1869 866 1955 Ἕτερα
888 1873 1008 1938 τούτου
1030 1873 1118 1958 παρὰ

114 1984 176 2066 τὴν
201 1985 277 2064 ζόην
297 1984 510 2064 πεπόνθαμεν
529 1980 726 2062 οἰκτρότερα.
764 1977 800 2042 έν
818 1979 881 2061 γάρ
900 1978 986 2044 οὕτω
1005 1977 1121 2062 βραχέι·

115 2092 178 2175 βίῳ
215 2085 324 2164 οὐδεὶς
360 2087 446 2152 οὕτω
479 2087 656 2170 ἀνθρωπος
688 2082 751 2148 έῶν
783 2083 950 2167 εὐδαίμων
982 2083 1117 2168 πέφυκε,

115 2196 192 2261 οὔτε
223 2196 351 2259 τούτων
383 2193 459 2258 οὔτε
487 2202 554 2256 τῶν
581 2191 705 2271 ἀλλων,
737 2197 782 2276 τῷ
810 2189 851 2252 οὐ
878 2192 1118 2273 παραστήσεται

114 2302 272 2378 πολλάκις
300 2298 354 2365 καὶ
386 2297 460 2365 οὐκὶ
487 2296 571 2376 ἅπαξ
598 2295 757 2360 τεθνάναι
787 2295 969 2377 βούλεσθαι
993 2301 1117 2379 μᾶλλον

118 2409 135 2492 ἦ
161 2409 262 2486 ζώειν.
308 2407 344 2471 αἵ
370 2429 404 2471 τε
434 2406 496 2489 γάρ
525 2399 694 2488 συμφοραὶ
721 2404 984 2486 προσπίπτουσαι
1006 2399 1061 2466 καὶ
1084 2403 1121 2466 αί

115 2524 233 2579 νοῦσοι
256 2511 544 2596 συνταράσσουσαι
566 2506 620 2572 καί
644 2510 772 2592 βραχὺν
795 2507 891 2572 ἐόντα
914 2509 1040 2592 μακρὸν
1063 2509 1118 2572 δο-

115 2621 203 2686 κέειν
235 2615 320 2684 εἶναι
346 2625 476 2682 ποιεῦσι
502 2616 562 2680 τὸν
589 2617 674 2698 βίον.
720 2613 806 2678 οὕτω
836 2613 853 2677 6
886 2609 946 2696 μὲν
972 2613 1118 2689 θάνατος

116 2733 288 2812 μοχθηρῆς
317 2724 434 2806 ἐούσης
465 2731 522 2806 τῆς
549 2723 622 2804 ζόης
648 2720 819 2802 καταφυγὴ
849 2718 1044 2802 αἱρετωτάτη
1072 2725 1116 2804 τῷ

117 2834 284 2920 ἀνθρώπῳ
307 2831 434 2914 γέγονε,
459 2829 477 2894 6
501 2825 537 2892 δὲ
557 2828 637 2902 θεὸς
655 2827 781 2908 γλυκὺν
799 2825 919 2906 γεύσας
936 2825 995 2887 τὸν
1013 2824 1117 2886 αἰῶνα

10 2931 17 2958 '
117 2941 286 3023 φθονερὸς
313 2938 348 3003 έν
377 2937 464 3023 αὐτῷ
492 2935 676 3019 εὑρίσκεται
702 2931 774 2996 έών.
821 2928 943 3013 Ξέρξης
971 2924 1007 2992 δὲ
1029 2927 1117 3010 ἀμεί-
1136 2946 1168 2995 47

117 3051 193 3130 βετο
216 3045 337 3128 λέγων·
364 3041 556 3129 Ἀρτάβανε,
586 3043 697 3123 βιοτῆς
725 3036 785 3120 μέν
812 3059 877 3100 νυν
904 3034 1118 3119 ἀνθρωπηίης

117 3152 207 3239 πέρι,
240 3152 359 3235 ἐούσης
389 3149 556 3231 τοιαύτης,
588 3145 663 3226 οἵην
690 3164 750 3226 περ
783 3143 825 3205 σὺ
853 3137 995 3223 διαιρέαι
1022 3134 1116 3222 εἶναι,

118 3261 337 3346 παυσώμεθα,
369 3253 452 3342 μηδὲ
478 3263 588 3319 κακῶν
614 3249 813 3335 μεμνώμεθα
839 3247 963 3332 χρηστὰ
990 3248 1118 3330 ἔχοντες

118 3370 291 3452 πρήγματα
322 3364 358 3430 έν
390 3364 495 3448 χερσί·
532 3358 663 3444 φράσον
693 3355 732 3421 δέ
757 3377 812 3438 μοι
837 3354 927 3418 τόδε·
963 3358 996 3417 εί
1017 3376 1069 3417 τοι
1096 3353 1116 3436 η

120 3478 195 3554 ὄψις
218 3481 277 3538 τοῦ
301 3471 459 3538 ἐνυπνίου
483 3467 526 3552 μὴ
551 3464 690 3549 ἐναργὴς
713 3461 797 3527 οὕτω
822 3459 942 3544 ἐφάνη,
967 3453 1049 3542 εἶχες
1075 3457 1117 3524 διν

852 3564 905 3619 11*
