2678 3968
181 301 246 366 236
595 298 781 354 οεεοοονι

180 447 350 530 βασιληίη,
381 441 437 509 καὶ
469 445 554 509 διότι
585 445 744 528 πρότερος
771 444 921 528 ἐγεγόνεε
947 449 1187 534 ’Κλεομβρότου

182 547 294 636 (οὗτος
319 552 383 636 γάρ
409 546 452 633 ήν
478 551 640 626 νεώτατος
659 542 922 636 Ἀναξανδρίδεω
946 550 1037 640 ταῖς)
1063 553 1119 619 καλ
1142 557 1186 640 δή

181 655 235 722 καὶ
259 651 324 741 εἶχε
342 655 546 741 Κλεομένεος
567 655 746 741 θυγατέρα.
783 655 819 733 ὃς
840 659 912 723 τότε
936 660 987 742 ήιε
1010 659 1043 736 ἐς
1060 664 1187 746 Θερμο-

181 763 287 840 πύλας
305 762 533 846 ἐπιλεξάμενος
551 762 675 847 άνδρας
687 785 723 827 τε
743 765 847 845 [τοὺς]
866 776 1083 843 κατεστεῶτας
1095 791 1188 853 τριη-

181 872 315 945 κοσίους
333 866 388 934 καί
406 879 493 933 τοῖσι
506 867 688 952 ἐτύγχανον
701 870 816 946 παῖδες
830 869 948 946 ἐόντες.
984 875 1188 958 παραλαβὼν

182 971 220 1040 δὲ
242 975 374 1041 ἀπίκετο
396 972 451 1040 καὶ
471 976 627 1058 Θηβαίων
649 976 728 1050 τους
750 973 783 1050 ές
805 975 864 1039 τὸν
887 975 1033 1061 ἀριθμὸν
1053 982 1186 1062 stom.

182 1104 282 1166 μενος
300 1075 404 1162 εἷπον,
422 1090 490 1144 τῶν
509 1079 701 1164 ἐστρατήγεε
719 1079 923 1162 Λεοντιάδης
941 1079 1186 1170 δΕύρυμάχου.

180 1188 280 1252 τοῦδε
303 1183 340 1251 δὲ
358 1187 467 1252 εἵνεκα
482 1186 628 1272 Ιτούτους
647 1185 801 1268 σπουδήν
820 1185 995 1269 ἐποιήσατο
1014 1193 1187 1275 Λεωνίδης

181 1293 328 1377 μούνους
354 1289 522 1374 Ἑλλήνων
552 1293 770 1376 παραλαβεῖν,
808 1291 857 1356 ὅτι
888 1291 1003 1376 ’σφέων
1038 1297 1189 1380 μεγάλως

180 1401 384 1484 κατηγόρητο
416 1399 577 1482 μηδίζειν·
609 1397 786 1481 παρεκάλεε
816 1393 863 1462 ὧν
891 1398 925 1474 ἐς
950 1401 1010 1464 τὸν
1041 1405 1188 1487 πόλεμον

180 1505 292 1570 θέλων
315 1502 439 1570 εἰδέναι
461 1509 525 1568 είτε
548 1501 781 1587 συμπέμψουσι
800 1509 863 1568 είτε
880 1501 937 1568 καί
955 1505 1133 1592 ἀπερέουσι
1151 1509 1189 1575 ἐν

180 1620 242 1676 τοῦ
268 1609 431 1695 ἐμφανέος
457 1609 519 1692 τήν
541 1605 710 1692 Ἑλλήνων
732 1612 928 1694 συμμαχίην.
974 1611 1010 1677 οί
1031 1610 1068 1678 δὲ
1091 1614 1189 1680 άλλο·

127 1739 179 1790 206
190 1708 389 1803 φρονέοντες
419 1718 572 1800 ἔπεμπον.
617 1715 756 1792 τούτους
784 1711 845 1799 μὲν
874 1718 953 1793 τούς
979 1717 1068 1802 Ιλμφὶ
1095 1725 1188 1786 Λεω-

180 1825 279 1906 νίδην
311 1823 461 1908 πρώτους
491 1819 684 1906 ἀπέπεμψαν
711 1825 930 1907 Σπαρτιῆται,
961 1823 1017 1889 ἵνα
1048 1827 1190 1905 τούτους

181 1929 323 2012 δρῶντες
354 1929 389 1994 οί
417 1929 512 1993 ἄλλοι
544 1928 708 2012 σύμμαχοι
740 1928 982 2012 στρατεύωνται
1011 1928 1095 2014 μηδὲ
1131 1932 1189 1998 καὶ
1318 1939 1331 1966 ‘²

182 2030 276 2100 οὗτοι
302 2035 483 2119 μηδίσωσι,
512 2033 554 2117 ήν
578 2033 699 2109 αὐτοὺς
720 2033 960 2099 πυνθάνωνται
980 2035 1188 2122 ὑπερβαλλο-

182 2140 315 2225 μένους·
334 2142 413 2224 μετδ
427 2139 474 2222 δέ,
488 2140 635 2224 Κάρνεια
648 2139 712 2224 γάρ
726 2156 787 2224 σφι
804 2135 847 2223 ήν
861 2139 1026 2224 ἐμποδών,
1046 2144 1185 2226 ἔμελλον

183 2244 380 2329 ὁρτάσαντες
401 2244 456 2310 καὶ
479 2247 627 2330 φυλακάς
650 2247 800 2321 λιπόντες
823 2245 859 2311 έν
881 2254 921 2330 τῇ
944 2248 1081 2334 Σπάρτη
1103 2253 1189 2316 κατά

181 2350 279 2434 τάχος
308 2350 464 2432 βοηθέειν
491 2352 664 2434 πανδημεί.
710 2350 755 2427 ὣς
777 2347 814 2416 δὲ
840 2349 896 2418 καὶ
923 2351 959 2416 οί
982 2353 1093 2422 λοιποί
1119 2369 1188 2422 τῶν

183 2457 363 2540 συμμάχων
386 2455 547 2520 ἐνένωντο
569 2454 625 2520 καὶ
643 2454 737 2520 αὐτοὶ
755 2455 851 2543 ἔτερα
867 2467 1003 2524 τοιαῦτα
1020 2463 1188 2546 ποιήσειν·

182 2558 224 2646 ήν
246 2563 309 2648 γὰρ
332 2561 413 2626 κατά
430 2560 535 2625 τώυτὸ
556 2557 730 2645 Ὀλυμπιάς
747 2564 894 2634 τούτοισι
911 2576 999 2632 τοῖσι
1016 2571 1188 2654 πρήγμασι

182 2676 408 2753 συμπεσοῦσα·
431 2667 493 2732 οὐκ
516 2663 563 2732 ὧν
586 2665 757 2744 δοκέοντες
779 2671 860 2734 κατὰ
881 2670 981 2755 τάχος
1004 2673 1091 2740 οὕτω
1115 2677 1188 2742 δια-

181 2776 404 2861 κριθήσεσθαι
436 2774 496 2838 τὸν
530 2773 566 2838 ἐν
596 2775 832 2860 Θερμοπύλῃσι
862 2779 1008 2862 πόλεμον
1041 2781 1188 2866 ἔπεμπον

181 2883 260 2958 τοὺς
282 2881 500 2965 προδρόμους.

128 3004 180 3054 207
271 2983 373 3052 Οὗτοι
400 2983 460 3070 μὲν
488 2987 529 3069 δή
560 2985 647 3052 οὕτω
676 2985 872 3054 διενένωντο
896 2993 1062 3075 ποιήσεινὲ
1094 2993 1130 3063 ot
1148 2993 1188 3058 δὲ

183 3091 220 3157 έν
247 3093 480 3178 Θερμοπύλῃσι
502 3089 672 3176 Ἕλληνες,
703 3092 815 3177 ἐπειδή
846 3093 945 3172 πέλας
971 3095 1100 3180 ἐγένετο
1130 3107 1189 3182 τῆς

183 3197 321 3280 ἐσβολῆς
349 3197 537 3281 ὁΗέρσης,
567 3199 851 3284 καταρρωδέοντες
873 3199 1090 3283 ἐβουλεύοντο
1112 3202 1189 3289 περὶ
1237 3199 1246 3218 '

183 3301 379 3385 άπαλλαγής,
410 3315 497 3368 τοῖσι
528 3302 589 3387 μέν
624 3329 689 3370 νυν
725 3306 855 3371 άλλοισι
888 3311 1189 3391 Πελοποννησίοισι

184 3407 294 3472 ἐδόκεε
316 3406 454 3472 ἐλθοῦσι
477 3409 510 3485 ἐς
528 3412 789 3494 Πελοπόννησον
811 3411 870 3475 τὸν
889 3407 1026 3496 Ἰσθμὸν
1046 3415 1133 3498 ἔχειν
1152 3413 1189 3480 ἐν

183 3517 328 3596 φυλακή·
352 3514 524 3596 Λεωνίδης
547 3512 583 3578 δὲ
610 3513 753 3580 Φωκέων
773 3513 830 3580 καὶ
852 3520 993 3599 Λοκρῶν
1015 3533 1188 3603 περισπερ-
