2572 3980
391 237 458 294 LIB.
473 239 506 294 V.
543 238 621 295 οΑΡ.
641 247 761 297 ιι-ιι.
1035 241 1076 306 37

73 389 111 465 τῇ
143 383 283 462 κληδόνι
313 379 413 448 οὐδὲν
442 384 625 468 χρεώμενος
652 383 841 468 ἐπεχείρησέ
865 409 900 452 τε
926 383 981 450 καί
1007 388 1079 450 τότε

73 487 172 552 πάλιν
211 487 357 566 ἐξέπιπτε
393 491 472 575 μετὰ
507 501 574 556 τῶν
606 491 893 574 Λακεδαιμονίων·
929 493 1007 567 τοὺς
1043 488 1079 556 δὲ

73 595 196 670 ἀλλους
220 591 392 678 Ἀθηναῖοι
418 593 604 678 κατέδησαν
630 598 691 679 την
720 595 770 662 ἐπὶ
798 598 948 684 θανάτῳ,
977 597 1013 663 ἐν
1044 595 1079 662 δὲ

74 700 205 765 αὐτοῖσι
228 699 283 765 καὶ
305 705 509 786 Τιμησίθεον
532 705 591 766 τὸν
610 705 758 785 Δελφόν,
781 711 841 767 τοῦ
865 705 943 784 ἔργα
961 713 1080 787 χειρῶν

73 804 181 870 τεκαὶ
201 809 343 889 ληματος
361 805 464 891 ἔχοιμ’
486 807 527 872 ἀν
546 807 680 891 μέγιστα
699 807 877 885 καταλέξαι.
909 803 1002 872 οὗτοι
1020 808 1080 891 μέν

73 935 138 976 νυν
168 911 338 995 δεδεμένοι
369 913 597 996 ἐτελεύτησαν,
622 911 794 997 Ἀθηναῖοι
818 913 854 978 δὲ
877 915 956 998 μετὰ
979 923 1079 978 ταῦτα
1099 931 1131 980 7³

73 1015 280 1082 Κλεισθένεα
312 1015 366 1084 καὶ
397 1021 438 1083 τά
471 1017 645 1084 ἑπτακόσια
675 1019 802 1084 ἐπίστια
829 1020 868 1083 τά
896 1017 1081 1102 διωχθέντα

73 1122 138 1187 ὑπὸ
157 1122 363 1205 Κλεομένεος
385 1125 669 1208 μεταπεμψάμενοι
687 1124 852 1208 πέμπουσι
871 1124 1030 1208 ἀγγέλους
1048 1125 1081 1201 ἐς

73 1229 213 1313 Σάρδις,
237 1234 425 1314 συμμαχίην
448 1233 645 1315 βουλόμενοι
668 1234 873 1314 ποιήσασθαι
894 1232 976 1314 πρὸς
995 1229 1081 1316 Πέρ-

74 1351 147 1410 σας·
170 1333 344 1416 ἠπιστέατο
367 1335 431 1418 γάρ
454 1352 515 1418 σφι
535 1337 642 1417 [πρὸς]
666 1337 946 1420 Λακεδαιμονίους
968 1358 1002 1400 τε
1026 1333 1080 1400 καί

73 1439 264 1523 Κλεομένεα
292 1440 590 1524 ἐκπεπολεμῶσθαι.
637 1441 844 1526 ἀπικομένων
872 1438 908 1506 δὲ
935 1452 1002 1514 τῶν
1025 1441 1080 1524 ἀγ-

73 1543 183 1628 γέλων
215 1545 248 1622 ές
279 1548 336 1622 τὰς
364 1547 489 1630 Σάρδις
520 1545 573 1612 καί
606 1551 772 1628 λεγόντων
800 1549 839 1612 τά
867 1546 1081 1632 ἐντεταλμένα

70 1649 296 1737 Ἀρταφρένης
321 1649 551 1728 δ’Τστάσπεος
575 1654 733 1736 Σαρδίων
755 1653 901 1736 ὕπαρχος
924 1652 1081 1737 ἐπειρώτα

73 1762 162 1834 τίνες
189 1757 298 1833 ἐόντες
321 1758 495 1842 ἀνθρακοι
517 1757 571 1822 καί
594 1767 655 1822 κοῦ
677 1767 737 1842 γῆς
760 1759 928 1842 οἰκημένοι
951 1760 1080 1824 δεοίατο

76 1862 235 1948 Περσέων
258 1863 423 1947 σύμμαχοι
446 1863 615 1946 γενέσθαι,
638 1868 829 1948 πυθόμενος
853 1861 889 1928 δέ
911 1865 993 1947 πρὸς
1014 1875 1081 1928 τῶν

74 1971 226 2053 ἀγγέλων
249 1969 463 2053 ἀπεκορύφου
480 1984 542 2052 σφι
560 1970 650 2034 τάδε·
679 1971 710 2034 εἰ
726 1967 786 2052 μὲν
805 1971 936 2034 διδοῦσι
954 1970 1084 2052 βασιλέϊ

74 2078 211 2161 Δαρείῳ
236 2072 409 2157 Ἀθηναῖοι
436 2084 499 2158 γῆν
522 2097 556 2140 τε
578 2073 634 2140 καί
656 2075 763 2158 ὕδωρ,
793 2074 811 2139 ὁ
835 2073 871 2139 δὲ
895 2079 1081 2159 συμμαχίην

74 2199 137 2265 σφι
151 2185 357 2264 συνετίθετο,
373 2183 404 2247 εἰ
416 2179 452 2246 δέ
468 2182 510 2264 μὴ
526 2183 668 2262 διδοῦσι,
683 2180 952 2246 ἀπαλλάσσεσθαι
961 2181 1082 2258 αὐτοὺς

75 2285 214 2352 ἐκέλευε.
260 2288 295 2352 οί
324 2284 360 2352 δὲ
388 2288 521 2370 ἀγγελοι
550 2284 600 2351 ἐπὶ
632 2285 744 2367 σφέων
767 2286 876 2350 αὐτῶν
904 2289 1082 2372 βαλόμενοι

76 2394 210 2458 διδόναι
242 2395 385 2477 έφασαν,
418 2395 617 2476 βουλόμενοι
645 2393 705 2475 την
734 2395 919 2476 συμμαχίην
946 2397 1081 2477 ποιησα-

76 2504 167 2563 σθαι.
205 2493 298 2563 οὗτοι
321 2495 381 2583 μὲν
405 2499 446 2582 δη
470 2497 670 2574 ἀπελθόντες
692 2497 726 2574 ἐς
747 2499 807 2580 τὴν
827 2497 958 2564 ἑωυτῶν
976 2501 1082 2575 αἰτίας

75 2603 219 2688 μεγάλας
241 2599 340 2687 εἶχον.

165 2709 355 2794 Κλεομένης
373 2706 410 2776 δὲ
429 2709 640 2792 ἐπιστάμενος
657 2712 891 2791 περιυβρίσθαι
914 2713 1004 2774 ἔπεσι
1027 2706 1081 2774 καὶ
1100 2725 1133 2774 74

76 2819 204 2901 ἔργοισι
236 2812 291 2880 ὑπ’
319 2811 507 2896 Ἀθηναίων
535 2813 690 2896 συνέλεγε
718 2813 753 2879 ἐκ
780 2814 885 2896 πάσης
914 2817 1082 2877 Πελοπον-

75 2925 183 3005 νήσου
207 2922 363 3005 στρατόν,
392 2919 433 2984 οὐ
461 2919 595 3004 φράζων
619 2920 652 2996 ἐς
673 2921 709 2984 τὸ
734 2918 898 3000 συλλέγει,
926 2919 1082 2982 τίσασθαι

76 3027 113 3092 δὲ
147 3025 275 3092 ἐθέλον
302 3025 362 3089 τὸν
390 3025 496 3108 δῆμον
523 3036 589 3090 τῶν
614 3023 802 3106 Ἀθηναίων
830 3021 884 3087 καί
908 3020 1082 3107 Ἰσαγόρην

75 3135 281 3216 βουλόμενος
312 3131 478 3210 τύραννον
505 3140 717 3212 καταστῆσαι·
750 3127 931 3211 συνεξῆλθε
959 3129 1022 3213 γάρ
1050 3130 1085 3194 οί

77 3233 175 3314 οὗτος
212 3236 248 3302 ἐκ
280 3244 337 3318 τῆς
368 3235 571 3319 ἀκροπόλιος.
616 3232 804 3317 Κλεομένης
834 3257 869 3298 τε
903 3235 943 3317 δὴ
976 3238 1081 3323 στόλῳ

77 3344 208 3428 μεγάλῳ
232 3338 365 3422 ἐσέβαλε
388 3340 421 3417 ές
438 3337 608 3406 Ἐλευσῖνα
631 3337 685 3404 καὶ
709 3339 743 3403 οί
759 3337 899 3404 Βοιωτοὶ
922 3339 984 3406 ἀπὸ
1004 3357 1081 3406 συν-

77 3453 228 3532 θήματος
243 3448 367 3529 Οἰνόην
386 3444 534 3531 αίρέουσι
552 3443 606 3510 καὶ
620 3442 736 3528 Ὑσιάς,
756 3447 881 3529 δήμους
899 3448 976 3523 τοὺς
990 3446 1081 3530 ε’σχά-
