2632 3970
436 262 503 317 Llss.
518 262 564 318 lx.
602 264 680 318 οΑΡ.
700 271 821 320 ἰο-ιτ.
1071 264 1136 330 363

131 403 215 488 αὐτὴ
229 401 284 470 καί
298 404 482 490 ἀμφίπολοι
495 405 550 472 καὶ
564 406 681 491 ἐσθῆτι
694 415 733 492 τη
746 412 902 495 καλλίστῃ
915 422 983 477 τῶν
994 432 1136 495 παρεου-

131 509 230 595 σέων,
248 517 416 598 καταβᾶσα
432 514 469 580 έκ
485 523 544 598 τῆς
557 512 749 599 ἁρμαμάξης
762 514 880 599 ἐχώρεε
894 516 927 593 ές
939 520 1018 594 τοὺς
1030 523 1136 584 Λακε-

132 619 327 702 δαιμονίους
345 622 393 685 έτι
412 620 449 686 ἐν
466 629 541 705 τῇσι
559 629 684 705 φονῇσι
702 620 827 702 ἐόντας,
846 621 956 707 ὁρῶσα
975 621 1012 688 δέ
1029 625 1136 692 πάντα

131 724 241 790 ἐκεῖνα
268 725 425 792 διέποντα
448 730 662 811 Παυσανίην,
694 729 857 812 πρότερόν
883 751 918 792 τε
944 730 982 793 τὸ
1010 730 1136 815 οὔνομα

131 831 364 917 ἐξεπισταμένη
382 830 437 898 καὶ
454 834 516 916 τὴν
532 834 661 919 πάτρην
680 834 764 898 ὥστε
782 833 939 910 πολλάκις
957 834 1136 919 ἀκούσασα,

131 942 217 1022 ἔγνω
242 961 277 1004 τε
305 942 364 1003 τὸν
387 941 586 1022 Παυσανίην
608 937 663 1004 καὶ
685 937 851 1024 λαβομένη
874 949 942 1005 τών
964 940 1137 1023 γουνάτων

131 1050 223 1130 ἔλεγε
245 1045 337 1110 τάδε·
354 1036 394 1109 Ὦ
416 1047 553 1127 βασιλεύ
571 1046 742 1131 Σπάρτης,
766 1046 869 1132 ῥῦσαί
887 1070 927 1130 με
949 1047 1011 1130 τὴν
1036 1044 1138 1112 ἱκέτιν

131 1152 341 1237 αἰχμαλώτου
364 1151 580 1234 δουλοσύνης.
621 1154 664 1216 σὺ
685 1153 749 1238 γάρ
772 1149 827 1218 καὶ
850 1152 884 1230 ές
905 1153 983 1218 τόδε
1007 1152 1138 1235 ώνησας

130 1259 252 1324 τούσδε
275 1255 437 1337 ἀπολέσας
459 1259 538 1334 τοὺς
561 1257 637 1322 οὔτε
661 1259 831 1343 δαιμόνων
854 1259 931 1324 ούτε
948 1264 1041 1324 θεῶν
1059 1259 1139 1324 όπιν

130 1368 275 1450 ἔχοντας.
321 1360 387 1447 εἰμὶ
415 1359 452 1428 δὲ
478 1362 576 1446 γένος
598 1360 659 1448 μὲν
681 1361 778 1452 Κῴη,
805 1364 958 1449 θυγάτηρ
982 1361 1020 1429 δὲ
1038 1360 1138 1449 Ἡγη-

129 1471 269 1556 τορίδεω
292 1478 353 1535 τοῦ
371 1469 582 1554 Ἀνταγόρεω.
619 1473 675 1555 βίη
695 1469 735 1535 δέ
750 1494 789 1555 με
807 1471 920 1554 λαβὼν
938 1469 976 1536 έν
993 1474 1051 1560 Κῷ
1071 1465 1137 1555 εἶχε

130 1579 149 1644 δ
169 1575 310 1660 Πέρσης.
347 1575 364 1641 ὁ
389 1571 427 1640 δὲ
449 1574 616 1660 ἀμείβεται
638 1577 778 1641 τοισίδε·
800 1577 917 1660 Γύναι,
940 1577 1060 1662 θάρσει
1080 1575 1137 1642 καί

131 1685 177 1762 ώς
199 1680 297 1757 ἱκέτις
318 1678 375 1746 καὶ
398 1682 429 1746 εί
450 1681 491 1764 δη
514 1681 597 1765 πρὸς
619 1681 725 1767 τούτῳ
747 1681 921 1766 τυγχάνεις
940 1682 1068 1766 ἀληθέα
1085 1682 1137 1748 λέ-

130 1806 238 1876 γουσα
255 1785 310 1853 καὶ
329 1782 376 1864 εἶς
393 1787 547 1871 θυγάτηρ
560 1782 784 1869 Ἡγητορίδεω
802 1796 863 1852 τοῦ
876 1784 989 1876 Κῴου,
1009 1789 1045 1866 ὃς
1064 1787 1137 1874 ἐμοὶ

131 1898 237 1976 ξεῖνος
264 1894 403 1979 μάλιστα
429 1892 584 1976 τυγχάνει
612 1892 676 1957 ἐών
703 1903 770 1957 τῶν
792 1891 868 1979 περὶ
890 1894 1036 1970 ἐκείνους
1058 1897 1137 1972 τοὺς

130 2004 260 2089 χώρους
292 1997 487 2083 οἰκημένων.
536 2004 761 2075 ταῦταιείπας
788 2001 862 2065 τότε
893 1999 954 2084 μὲν
982 1999 1137 2086 ἐπέτρεψε

130 2120 198 2174 τῶν
221 2107 353 2192 ἐφόρων
376 2115 463 2170 τοῖσι
485 2113 661 2190 παρεοῦσι,
688 2105 830 2189 ὕστερον
853 2102 891 2171 δὲ
913 2105 1080 2190 ἀπέπεμψε
1103 2107 1137 2184 ές

131 2220 286 2298 Λίγιναν,
310 2212 343 2288 ἐς
365 2212 426 2295 τὴν
449 2210 532 2294 αὐτὴ
549 2211 651 2293 ἧθελε
671 2209 885 2294 [ἀπικέσθαι].
922 2213 1002 2296 μετά
1020 2208 1057 2277 δὲ
1074 2213 1135 2296 τὴν
1155 2234 1188 2284 ττ

131 2319 242 2398 ἄπιξιν
264 2328 322 2403 τῆς
339 2318 497 2402 γυναικὸς
515 2315 632 2382 αὐτίκα
650 2318 730 2401 μετά
747 2325 849 2384 ταῦτα
867 2317 1024 2384 ἀπίκοντο
1040 2321 1136 2384 Μαν-

131 2426 235 2504 τινέες
266 2423 315 2492 ἐπ’
352 2421 632 2509 ἐξεργασμένοισι·
664 2426 829 2508 μαθόντες
861 2420 898 2490 δὲ
926 2425 976 2490 ότι
1003 2425 1137 2511 ὕστεροι
1227 2499 1229 2504 ,

130 2534 249 2616 ἥκουσι
279 2541 337 2615 τῆς
368 2533 551 2615 συμβολῆς,
585 2531 762 2616 συμφορὴν
791 2530 963 2596 ἐποιεῦντο
990 2533 1136 2615 μεγάλην

130 2639 221 2718 ἀξιοί
239 2662 274 2704 τε
298 2642 427 2722 ἔφασαν
450 2631 536 2702 εἶναι
558 2635 662 2722 σφέας
681 2640 847 2722 ζημιώσαι.
883 2639 1136 2721 πυνθανόμενοι

131 2742 169 2811 δέ
186 2747 265 2822 τοὺς
282 2744 424 2827 Μήδους
442 2743 520 2818 τοὺς
538 2743 618 2826 μετά
632 2740 831 2826 Ἀρταβάζου
846 2743 1041 2826 φεύγοντας,
1059 2742 1135 2807 τού-

129 2875 208 2928 τους
231 2851 371 2916 ἐδίωκον
394 2847 489 2933 μέχρι
511 2851 707 2930 Θεσσαλίης·
730 2849 988 2932 Λακεδαιμόνιοι
1014 2842 1051 2911 δὲ
1073 2846 1136 2912 ούκ

130 2960 196 3022 ἔων
219 2957 406 3041 φεύγοντας
429 2953 569 3018 διώκειν.
607 2953 642 3018 οί
663 2950 700 3018 δὲ
722 2953 993 3037 ἀναχωρήσαντες
1018 2951 1052 3028 ἐς
1073 2952 1135 3035 την

130 3062 264 3129 ἑωυτῶν
291 3063 369 3136 τοὺς
395 3058 559 3143 ἡγεμόνας
585 3067 643 3142 τῆς
670 3067 823 3143 στρατιῆς
850 3056 989 3135 ἐδίωξαν
1017 3056 1053 3122 ἐκ
1078 3067 1136 3141 τῆς

129 3179 197 3253 γῆς.
244 3169 324 3253 μετὰ
352 3161 389 3230 δὲ
411 3162 603 3240 Μαντινέας
628 3158 711 3246 ἧκον
735 3157 872 3246 Ἠλεῖοι,
900 3161 955 3228 καὶ
980 3163 1136 3241 ὡσαύτως

131 3275 166 3339 οί
191 3272 316 3340 Ἠλεῖοι
345 3281 433 3337 τοῖσι
462 3271 670 3335 Μαντινεῦσι
706 3270 884 3354 συμφορὴν
917 3270 1135 3355 ποιησάμενοι

130 3380 394 3446 ἀπαλλάσσοντο·
417 3377 618 3452 ἀπελθόντες
637 3371 675 3440 δὲ
692 3373 747 3440 καί
765 3370 859 3441 οὗτοι
875 3377 954 3454 τοὺς
971 3375 1135 3461 ἡγεμόνας

130 3485 278 3564 ἐδίωξαν.
314 3487 355 3550 τά
368 3486 450 3550 κατὰ
462 3481 653 3560 Μαντινέας
666 3478 727 3568 μὲν
745 3479 800 3547 καὶ
811 3479 961 3560 Ἠλείους
973 3493 1133 3549 τοσαῦτα·
