2572 3980
208 309 249 371 16
616 303 804 360 HERODOTI

205 450 310 534 βάτην
324 450 430 534 ἄνδρα
444 448 579 534 Πέρσην
594 459 660 514 τῶν
671 444 932 533 Ἀχαιμενιδέων,
952 446 1078 514 ἑωυτοῦ
1095 470 1131 514 τε
1150 446 1206 513 καὶ

205 558 355 640 Δαρείου
368 554 517 637 ἀνεψιόν,
531 563 592 622 τοῦ
606 559 800 638 Παυσανίης
813 554 832 620 6
847 556 1082 638 Κλεομβρότου
1097 557 1205 619 Λακε-

206 663 388 744 δαιμόνιος,
412 663 442 726 εί
459 661 500 744 δη
519 660 647 744 ἀληθής
661 659 700 744 γέ
712 659 780 725 ἐστι
794 659 812 725 6
827 662 934 742 λόγος,
953 658 1080 746 ὑστέρῳ
1095 662 1205 746 χρόνῳ

205 768 333 840 τούτων
354 766 520 852 ἡρμόσατο
543 765 723 850 θυγατέρα,
747 767 851 852 ἔρωτα
870 766 959 850 σχὼν
976 775 1034 848 τῆς
1047 762 1205 841 Ἑλλάδος

204 873 369 958 τύραννος
382 871 547 955 γενέσθαι.
571 869 731 949 ἀποδέξας
749 868 786 936 δὲ
800 871 1001 954 Μεγαβάτην
1020 873 1206 956 στρατηγὸν

202 974 424 1064 Ἀρταφρένης
446 977 613 1042 άπέστειλε
635 979 694 1042 τὸν
717 977 858 1060 στρατὸν
880 977 968 1061 παρά
986 977 1044 1042 τὸν
1060 973 1207 1060 Ἀριστα-

153 1100 187 1150 8³
206 1087 319 1168 γόρην.
342 1083 543 1168 παραλαβὼν
558 1079 594 1148 δέ
609 1082 626 1148 ὁ
642 1082 839 1166 Μεγαβάτης
851 1083 910 1148 τόν
924 1105 958 1146 τε
969 1079 1207 1166 Ἀρισταγόρην

207 1190 242 1256 ἐκ
255 1199 312 1273 τῆς
321 1191 475 1272 Μελητου
488 1185 542 1252 καὶ
556 1189 617 1270 την
629 1185 719 1252 Ἰάδα
734 1189 890 1272 στρατιὴν
904 1186 959 1253 καὶ
973 1191 1051 1266 τοὺς
1059 1187 1207 1267 Ναξίους
1279 1221 1280 1224 “

209 1298 303 1361 ἔπλεε
320 1297 490 1379 πρόφασιν
509 1289 558 1358 ἐπ’
575 1289 830 1376 Ἑλλησπόντου,
854 1293 958 1359 ἐπείτε
972 1290 1009 1358 δὲ
1023 1293 1153 1377 ἐγένετο
1169 1295 1207 1360 έν

206 1404 294 1488 Χίῳ,
324 1403 397 1484 ἔσχε
420 1401 477 1475 τὰς
498 1398 575 1475 νέας
598 1398 631 1474 ές
653 1399 829 1482 Καύκασα,
857 1399 902 1476 ὡς
924 1398 1082 1465 ἐνθεῦτεν
1104 1401 1207 1486 βορέη

206 1506 316 1593 ἀνέμῳ
330 1505 374 1581 Ιἐς
395 1507 455 1588 τὴν
474 1503 589 1582 Νάξον
608 1504 769 1586 διαβάλοι.
796 1502 851 1568 καὶ
870 1505 991 1589 οὐγὰρ
1011 1506 1082 1572 ἔδεε
1098 1508 1207 1594 τούτῳ

206 1621 251 1702 τῷ
275 1614 381 1698 στόλῳ
401 1607 547 1688 Ναξίους
570 1607 767 1692 ἀπολέσθαι,
795 1619 927 1695 πρῆγμα
950 1611 1081 1676 τοιόνδε
1105 1630 1207 1696 συνη-
1279 1607 1280 1616 ’

205 1721 324 1802 νείχθη
350 1714 521 1800 γενέσθαι·
551 1718 737 1800 περιιόντος
759 1715 962 1799 Μεγαβάτεω
984 1718 1042 1793 τάς
1065 1715 1118 1782 έπὶ
1139 1729 1208 1784 τῶν

205 1835 292 1890 νεῶν
304 1822 453 1906 φυλακάς
463 1818 515 1886 έπὶ
524 1821 599 1898 νεὸς
609 1821 764 1904 Μυνδίης
778 1823 871 1905 ἔτυχε
886 1819 995 1899 οὐδεὶς
1009 1822 1206 1906 φυλάσσων·

207 1929 226 1995 6
251 1925 288 1995 δὲ
307 1929 420 1994 δεινόν
438 1951 470 1992 τι
487 1926 708 2011 ποιησάμενος
727 1925 875 1992 ἐκέλευσε
897 1929 976 2004 τοὺς
995 1930 1208 2014 δορυφόρους

208 2034 401 2119 ἐξευρόντας
418 2033 478 2098 τὸν
492 2034 635 2118 άρχοντα
647 2033 768 2115 ταύτης
784 2041 841 2116 τῆς
854 2034 939 2114 νεός,
957 2041 1003 2122 τῷ
1018 2033 1146 2118 οὕνομα
1164 2032 1208 2118 ἦν
1278 2073 1279 2078 1

207 2141 352 2222 Σκύλαξ,
376 2149 495 2205 τοῦτον
510 2140 608 2223 δῆσαι
623 2139 678 2202 διά
695 2141 861 2222 θαλαμίης
879 2139 1048 2228 διελόντας
1061 2149 1118 2223 τῆς
1132 2143 1208 2217 νεὸς

206 2248 288 2311 κατδι
310 2248 424 2328 τοῦτο,
453 2245 513 2323 ἔξω
541 2240 601 2328 μὲν
628 2244 776 2326 κεφαλὴν
798 2253 986 2328 ποιεῦντας,
1017 2249 1081 2310 ἔσω
1110 2243 1146 2311 δέ
1169 2249 1207 2312 τὸ

207 2361 309 2442 σῶμα.
350 2335 507 2426 δεθέντος
534 2347 571 2414 δὲ
598 2357 658 2413 τοῦ
685 2349 857 2426 Σκύλακος
884 2347 1068 2434 ἐξαγγέλλει
1089 2375 1139 2430 τις
1161 2361 1207 2440 τῷ
1277 2379 1278 2410 ι

203 2454 418 2541 Ἀρισταγόρη
442 2455 492 2519 ὅτι
515 2455 573 2518 τὸν
597 2453 706 2530 ξεῖνόν
729 2453 766 2518 οί
784 2455 843 2520 τὸν
869 2455 1028 2521 Μύνδιον
1050 2460 1208 2542 Μεγαβά-

205 2585 263 2645 της
282 2562 384 2644 δησας
402 2561 604 2642 λυμαίνοιτο.
629 2552 693 2623 ὁδ’
710 2558 821 2625 ἐλθὼν
833 2559 1024 2642 παραιτέετο
1042 2563 1102 2628 τὸν
1120 2565 1208 2649 Πέρ-

206 2685 288 2752 σην,
307 2665 492 2750 Ιτυγχάνων
520 2661 557 2729 δὲ
585 2664 724 2742 οὐδενὸς
750 2676 816 2730 τῶν
844 2664 952 2731 έδέετο
975 2665 1074 2745 αὐτὸς
1096 2668 1208 2736 ἐλθὼν

207 2777 312 2839 ἔλυσε.
333 2773 529 2854 ’πυθόμενος
548 2766 585 2835 δέ
607 2770 709 2853 κάρτα
729 2772 842 2836 δεινὸν
861 2771 1036 2855 ἐποιήσατο
1056 2773 1074 2839 6
1092 2775 1208 2860 Μεγα-

206 2879 307 2963 βάτης
324 2876 378 2943 καλ
397 2875 569 2960 ἐσπέρχετο
589 2885 633 2963 τῷ
646 2875 870 2962 Ἀρισταγόρῃ.
894 2876 964 2942 ὁδὲ
983 2872 1066 2944 εἷπε·
1089 2879 1155 2946 Σοὶ
1170 2880 1207 2947 δὲ

206 2984 262 3052 καὶ
284 2985 432 3049 τούτοισι
454 2993 540 3047 τοῖσι
562 2980 731 3066 πρήγμασι
752 2986 788 3048 τί
808 2983 890 3061 έστι;
914 2984 956 3049 ού
979 3001 1016 3050 σε
1038 2983 1207 3052 ἀπέστειλε

203 3086 425 3174 Ἀρταφρένης
447 3085 524 3172 ἐμέο
544 3092 723 3154 πείθεσθαι
745 3087 799 3153 καὶ
821 3086 933 3154 πλέειν
950 3099 990 3175 τῇ
1013 3089 1055 3156 άν
1072 3090 1137 3175 έγὼ
1155 3117 1206 3159 κε-

206 3195 307 3271 λεύω;
330 3196 365 3258 τί
384 3195 489 3259 πολλά
506 3192 676 3278 πρήσσεις;
704 3202 807 3259 ταῦτα
824 3188 893 3259 εἶπε
909 3191 1150 3281 Ἀρισταγόρης.
1188 3198 1206 3263 6
1275 3181 1276 3236 δ

207 3295 245 3364 δέ
257 3296 431 3383 θυμωθεὶς
443 3300 601 3383 τούτοισι,
620 3299 664 3376 ὡς
676 3299 737 3376 νὺξ
753 3297 891 3382 ἐγένετο,
911 3302 1029 3385 ἔπεμπε
1044 3302 1077 3379 ές
1091 3289 1206 3381 Νάξον

206 3407 311 3494 πλοίῳ
326 3405 449 3491 ἄνδρας
467 3405 655 3491 φράσοντας
672 3415 758 3470 τοῖσι
772 3405 926 3483 Ναξίοισι
943 3409 1049 3473 πάντα
1067 3410 1107 3473 τά
1124 3433 1206 3498 παρ-

154 3526 189 3577 ολ
208 3513 305 3577 εόντα
328 3527 388 3596 σφι
410 3513 590 3596 πρήγματα.
621 3511 657 3575 οί
671 3511 733 3595 γάρ
752 3505 800 3576 ὧν
818 3510 938 3590 Νάξιοι
957 3510 1057 3578 οὐδὲν
1075 3515 1207 3591 πάντως
1274 3581 1275 3586 ,
