2678 3970
413 273 480 328 Llss.
494 273 554 329 vn.
592 274 667 330 cAP.
688 277 845 331 ιιι-ιω.
1067 277 1135 343 223

128 415 261 499 ἐόντας,
294 417 394 484 ἐοῦσα
426 417 579 504 ἁμαξιτὸς
607 420 730 502 μούνη,
766 417 822 484 καὶ
853 423 1020 506 ἔμπροσθε
1051 425 1133 488 κατά

131 525 273 588 Φοίνικα
300 523 448 607 ποταμὸν
474 522 577 606 ἀγχοῦ
597 519 760 607 Ἀνθήλης
786 527 914 608 πόλιος,
942 527 1023 610 άλλη
1051 526 1133 612 ἁμα-

129 626 217 705 ξιτὸς
238 629 355 712 μούνη.
390 638 457 692 τῶν
477 624 514 692 δὲ
535 627 776 712 Θερμοπυλέων
798 630 836 694 τὸ
855 627 916 713 μέν
938 633 1021 717 πρὸς
1039 631 1132 699 ἕσπέ-

129 757 190 819 θῦς
219 735 297 820 ὄρος
323 735 448 817 ἀβατόν
473 755 508 797 τε
535 730 589 797 καὶ
618 732 845 818 ἀπόκρημνον,
878 735 1022 820 ὑψηλόν,
1054 739 1130 804 ἀνα-

127 851 240 905 τεῖνον
267 840 301 916 ἐς
329 839 390 922 την
418 843 533 921 Οίτην·
564 839 602 903 τὸ
631 835 668 903 δέ
694 841 776 925 πρὸς
802 841 864 924 τὴν
890 841 938 924 ἠῶ
965 852 1022 925 τῆς
1049 843 1134 910 ὁδοῦ

127 946 282 1011 θάλασσα
304 943 496 1010 ὑποδέκεται
514 942 570 1008 καὶ
587 943 733 1027 τενάγεα.
770 947 839 1010 ἔστι
857 943 895 1010 δὲ
913 945 950 1011 έν
967 956 1006 1032 τῇ
1025 948 1133 1037 ἐσόδφ
1202 958 1205 964 ’

129 1051 230 1136 ταύτη
252 1051 361 1135 θερμά
384 1049 521 1134 λουτρά,
547 1050 588 1113 τά
610 1050 762 1134 Χύτρους
783 1049 938 1116 καλέουσι
962 1053 997 1117 οί
1016 1054 1134 1140 έπιχό·

128 1180 212 1241 ριοι,
238 1154 293 1222 καὶ
320 1156 430 1239 βωμὸς
452 1155 584 1239 ἵδρυται
600 1150 781 1240 Ἡρακλέος
803 1152 852 1221 ἐπ’
878 1157 1016 1224 αύτοῑσι.
1062 1160 1131 1227 έδέ-

128 1264 233 1347 δμητο
261 1258 298 1327 δὲ
324 1272 429 1347 τεῖχος
455 1263 536 1326 κατὰ
557 1261 755 1339 ταύταςτὰς
778 1262 929 1346 ἐσβολάς,
957 1263 1012 1329 καὶ
1033 1266 1071 1330 τό
1092 1289 1131 1349 γε

126 1371 271 1434 παλαιὸν
292 1368 393 1434 πύλαι
416 1368 549 1452 ἐπῆσαν.
595 1368 730 1452 ἔδειμαν
753 1366 791 1433 δὲ
815 1369 944 1451 Φωκέες
965 1372 1002 1435 τὸ
1025 1383 1133 1456 τεῖχος

128 1477 310 1556 δείσαντες,
341 1471 410 1539 ἐπεὶ
433 1471 596 1539 Θεσσαλοὶ
621 1469 730 1557 ἦλθον
754 1475 789 1540 ἐκ
812 1479 1018 1559 Θεσπρωτῶν
1041 1479 1130 1560 olm}

128 1598 244 1656 σοντες
265 1589 328 1664 γῆν
349 1580 411 1662 τὴν
433 1579 590 1662 Αἰολίδα,
617 1581 678 1661 την
700 1601 761 1662 περ
788 1588 853 1644 νῦν
875 1580 1029 1646 ἐκτέαται.
1074 1582 1131 1646 άτε

129 1689 171 1771 δὴ
194 1684 407 1772 πειρωμένων
427 1695 495 1749 τῶν
514 1689 692 1750 Θεσσαλῶν
710 1684 999 1770 καταστρέφεσθαί
1016 1703 1131 1770 σφεας,

127 1802 227 1859 τοῦτο
249 1789 519 1877 προεφυλάξαντο
543 1791 578 1855 οί
600 1790 729 1866 Φωκέες
751 1789 864 1856 καὶτὸ
886 1791 978 1876 ὕδωρ
995 1793 1033 1856 τὸ
1051 1797 1131 1875 θερ-

128 1903 193 1986 μὸν
214 1901 287 1964 τότε
311 1897 433 1980 ἐπῆκαν
456 1894 508 1962 ἐπὶ
530 1897 591 1978 τὴν
614 1897 744 1978 ἔσοδον,
768 1896 813 1972 ὡς
835 1895 877 1960 άν
897 1897 1131 1982 χαραδρωθείη

128 2007 148 2072 ὁ
175 2016 296 2091 χῶρος,
328 2012 393 2067 πᾶν
424 2001 654 2085 μηχανώμενοι
686 2001 769 2077 ὅκως
800 2003 843 2084 μή
872 2017 933 2084 σφι
959 2000 1132 2084 ἐσβάλοιεν

128 2113 165 2178 οί
189 2107 351 2176 Θεσσαλοὶ
383 2107 416 2184 ές
445 2108 507 2190 τὴν
533 2107 654 2192 χώρην.
698 2107 735 2169 τὸ
768 2104 829 2189 μέν
860 2129 925 2169 νυν
955 2117 1061 2190 τεῖχος
1091 2109 1129 2172 τὸ

128 2219 267 2301 ἀρχαῖον
294 2214 329 2278 ἐκ
355 2217 497 2277 παλαιοῦ
523 2233 558 2276 τε
585 2210 743 2295 ἐδέδμητο
766 2208 880 2276 καὶτὸ
902 2214 1004 2277 πλέον
1027 2213 1133 2280 αὐτοῦ

126 2324 193 2407 ἤδη
224 2319 288 2385 ὑπὸ
324 2319 447 2402 χρόνου
484 2318 604 2382 ἔκειτο·
644 2326 731 2380 τοῖσι
767 2312 804 2380 δὲ
836 2310 927 2394 αὖτις
959 2317 1130 2404 ὀρθώσασι

128 2425 222 2502 ἔδοξε
252 2423 353 2508 ταύτη
385 2421 569 2506 ἀπαμύνειν
601 2421 664 2486 ἀπὸ
695 2429 751 2504 τῆς
774 2416 931 2499 Ἑλλάδος
961 2425 1021 2488 τὸν
1049 2425 1129 2511 βάρ-

128 2537 244 2619 βαρον.
288 2529 379 2612 κώμη
410 2527 449 2592 δέ
474 2527 542 2592 ἐστι
569 2527 735 2612 ἀγχοτάτω
762 2536 820 2610 τῆς
846 2526 944 2611 ὁδοῦ,
973 2525 1128 2613 Ἀλπηνοὶ

129 2639 269 2722 οὔνομα·
293 2634 329 2700 ἐκ
350 2634 470 2717 ταύτης
493 2631 529 2698 δὲ
552 2632 781 2698 ἐπισιτιεῖσθαι
804 2632 989 2716 ἐλογίζοντο
1008 2637 1043 2700 οί
1055 2634 1127 2701 ‘'Ez-

128 2750 234 2828 ληνες.
280 2741 315 2806 οί
339 2738 400 2824 μέν
426 2763 491 2803 νυν
520 2749 621 2824 χῶροι
649 2733 742 2804 οὗτοι
767 2749 854 2803 τοῖσι
875 2737 1010 2821 Ἕλλησι
1033 2735 1118 2805 είναι
1130 2758 1181 2810 17τ

128 2850 307 2934 ἐφαίνοντο
335 2845 511 2928 ἐπιτήδεοι·
541 2845 668 2910 ἅπαντα
694 2845 757 2928 γάρ
784 2843 1047 2928 προσκεψάμενοι
1073 2843 1129 2911 καλ

128 2951 394 3038 ἐπιλογισθέντες
407 2951 458 3015 ότι
476 2949 553 3015 ούτε
570 2952 694 3032 πλήθει·
709 2947 819 3026 ἕξουσι
836 2954 981 3032 χρᾶσθαι
999 2949 1034 3012 οί
1049 2949 1128 3034 βάρ-

127 3063 226 3145 βαροι
253 3059 329 3124 οὔτε
355 3057 458 3143 ἵππω,
485 3057 587 3140 ταύτη
610 3071 670 3138 σφι
697 3052 789 3130 ἔδοξε
814 3052 970 3117 δέκεσθαι
991 3054 1051 3118 τὸν
1074 3054 1090 3119 έ
1113 3095 1128 3106 -

128 3169 222 3231 ιόντα
245 3161 297 3230 ἐπὶ
319 3159 547 3245 τὴνἙλλάδα.
593 3160 637 3235 ὡς
659 3155 696 3223 δέ
720 3158 886 3223 ἐπύθοντο
908 3159 968 3222 τὸν
991 3158 1127 3244 Πέρσην

10 3335 11 3371 χ
127 3271 225 3336 ἐόντα
253 3269 289 3335 έν
312 3269 448 3352 Πτερίη,
478 3265 691 3339 διαλυθέντες
718 3263 753 3328 ἐκ
775 3271 835 3327 τοῦ
854 3259 992 3346 Ἰσθμοῦ
1014 3264 1127 3352 ἐστρα-

126 3376 263 3440 τεύοντο
287 3373 396 3438 αὐτῶν
420 3373 455 3436 οί
479 3367 539 3456 μέν
562 3369 595 3446 ές
618 3368 831 3452 Θερμοπύλας
852 3371 944 3453 πεζῇ,
972 3370 1066 3437 ἄλλοι
1089 3369 1127 3438 δέ

127 3481 209 3545 κατὰ
231 3480 404 3544 θάλασσαν
428 3473 478 3542 ἐπ’
501 3473 713 3560 Ἀρτεμίσιον.
