2678 3968
205 291 270 356 312
617 289 805 347 HERODOTI

205 435 242 500 έν
263 443 309 523 τῷ
332 437 515 523 προαστείῳ
538 433 704 518 ἠσέβησαν
725 428 818 499 οὗτοι
835 445 902 499 τῶν
920 433 1077 520 Περσέων
1097 435 1210 521 οἵπερ

204 538 260 606 καὶ
287 541 520 625 διεφθάρησαν
546 540 611 606 ὑπὸ
634 549 692 624 τῆς
713 540 897 623 θαλάσσης·
921 546 1027 605 αίτιον
1051 537 1089 606 δέ
1110 550 1210 606 τοῦτο

205 645 356 729 λέγοντες
369 641 408 713 εὖ
422 645 530 729 λέγειν
544 649 655 730 ἔμοιγε
669 645 831 711 δοκέουσι.
858 649 937 722 τοὺς
950 643 988 712 δέ
1001 647 1210 732 περιγενομέ-

205 775 286 830 νους
308 753 410 837 ἀπῆγε
426 751 620 838 Ἀρτάβαζος
638 751 672 828 ές
689 755 875 835 Θεσσαλίην
896 754 985 835 παρά
1002 754 1210 838 Μαρδόνιον.

153 875 206 925 130
297 853 400 924 Οὗτοι
418 855 478 942 μέν
497 860 533 923 οί
543 857 793 942 προπέμψαντες
806 857 943 941 βασιλέα
956 859 1042 924 οὕτω
1058 859 1210 946 ἔπρηξαν.
1310 937 1313 944 ¹

206 963 225 1030 ὁ
248 961 286 1030 δέ
308 966 463 1042 ναυτικὸς
489 964 507 1030 ὁ
530 963 657 1046 Ξέρξεω
681 961 729 1050 (ὁ)
751 966 1019 1050 περιγενόμενος,
1043 965 1088 1042 ὡς
1109 983 1211 1052 προσ-

206 1069 293 1155 έμιξε
312 1080 350 1156 τῇ
365 1067 457 1156 Ἀσίη
476 1071 612 1155 φεύγων
630 1069 666 1134 έκ
679 1073 870 1154 Σαλαμῖνος
887 1069 942 1135 καὶ
955 1070 1091 1154 βασιλέα
1104 1095 1139 1137 τε
1155 1071 1211 1136 καὶ

205 1178 267 1260 τήν
285 1177 442 1263 στρατιήν
460 1176 496 1242 έκ
514 1178 730 1261 Χερσονήσου
749 1177 991 1261 διεπόρθμευσε
1010 1176 1210 1262 έςἈβνδον,

207 1281 381 1368 ἐχειμέριζε
408 1281 445 1347 έν
472 1283 580 1366 Κύμη.
630 1283 726 1367 ἔαρος
754 1277 790 1346 δὲ
818 1282 1061 1367 ἐπιλάμψαντος
1087 1285 1213 1370 πρώιος

208 1387 401 1471 συνελέγετο
424 1387 458 1464 ές
476 1388 608 1472 Σάμον·
632 1389 669 1452 αί
689 1385 725 1452 δὲ
743 1398 810 1452 τῶν
828 1398 915 1454 νεῶν
933 1387 987 1454 καὶ
1006 1389 1213 1474 ἐχειμέρισαν
1324 1423 1325 1458 1

206 1495 323 1559 αὐτοῦ·
343 1494 502 1579 Περσέων
521 1491 557 1559 δὲ
576 1491 630 1558 καὶ
648 1495 778 1576 Μήδων
798 1494 833 1558 οί
847 1499 986 1572 πλεῦνες
1004 1496 1211 1580 ἐπεβάτευον.

206 1599 383 1686 στρατηγοὶ
411 1598 451 1665 δέ
471 1616 532 1684 σφι
559 1599 707 1682 ἐπῆλθον
729 1601 932 1685 Μαρδόντης
957 1623 993 1666 τε
1020 1601 1039 1667 δ
1061 1605 1213 1685 Βαγαίου
1324 1663 1325 1670 ,

205 1705 260 1773 καὶ
280 1704 479 1793 Ἀρταΰντης
501 1705 520 1771 δ
539 1703 749 1791 Ἀρταχαίεω·
773 1715 915 1791 συνῆρχε
937 1705 974 1772 δέ
991 1709 1138 1773 τούτοισι
1156 1707 1213 1774 καὶ

206 1811 403 1898 ἀδελφιδέος
421 1813 525 1877 αὐτοῦ
535 1809 738 1896 Ἀρταΰντεω
754 1813 1001 1897 προσελομένου
1011 1811 1212 1898 Ἰθαμίτρης.
1320 1894 1322 1903 Ι

206 1920 262 1986 ἀπε
291 1916 328 1985 δέ
355 1920 504 2003 μεγάλως
526 1916 717 2001 πληγέντες,
746 1918 787 1983 οὐ
809 1923 974 2004 προήισαν
997 1919 1150 2003 ἀνωτέρω
1173 1923 1212 1986 τὸ

206 2029 288 2112 πρὸς
302 2024 450 2112 ἑσπέρης,
470 2021 543 2091 οὐδ’
561 2023 760 2108 ἐπηνάγκαζε
775 2023 895 2109 οὐδείς,
914 2020 986 2091 ἀλλ’
1003 2026 1040 2091 έν
1052 2033 1092 2110 τῇ
1106 2026 1213 2114 Σάμῳ

205 2134 383 2216 κατήμενοι
417 2131 608 2215 ἐφύλασσον
636 2131 697 2213 τήν
723 2123 852 2212 Ἰωνίην
884 2132 927 2214 μή
958 2130 1101 2216 ἀποστῇ,
1132 2131 1213 2208 νέας

207 2239 338 2320 ἔχοντες
360 2239 423 2302 σὺν
445 2245 521 2322 τῇσι
540 2233 621 2301 Ἰάσι
638 2237 836 2320 τριηκοσίας.
873 2236 915 2300 οὐ
932 2232 993 2319 μέν
1012 2233 1092 2301 οὐδὲ
1110 2252 1214 2323 προσ-

207 2339 360 2406 εδέκοντο
377 2344 457 2418 τοὺς
471 2340 633 2424 Ἕλληνας
651 2340 845 2406 ἐλεύσεσθαι
863 2341 897 2417 ές
913 2343 975 2424 τήν
987 2337 1117 2426 Ἰωνίην
1135 2342 1209 2409 ἀλλ’

207 2445 406 2530 ἀποχρήσειν
429 2458 490 2532 σφι
511 2447 573 2530 τήν
597 2445 728 2511 ἑωυτῶν
747 2446 942 2530 φυλάσσειν,
966 2449 1214 2534 σταθμεύμενοι

206 2554 257 2619 ὅτι
275 2550 379 2637 σφέας
396 2553 458 2618 οὐκ
475 2551 655 2630 έπεδίωξαν
673 2553 859 2636 φεύγοντας
877 2553 914 2619 έκ
927 2558 1119 2638 Σαλαμῖνος
1137 2551 1211 2620 ἀλλῗ

206 2661 344 2745 ἀσμενοι
372 2659 632 2725 ἀπαλλάσσοντο.
677 2660 758 2724 κατὰ
780 2657 841 2743 μέν
863 2683 929 2724 νυν
951 2661 1012 2743 τήν
1035 2661 1214 2726 θάλασσαν

206 2765 389 2851 ἑσσωμένοι
417 2761 503 2850 ἦσαν
534 2773 579 2853 τῷ
606 2770 720 2853 θυμῷ,
754 2768 831 2848 πεζή
864 2761 901 2830 δὲ
933 2764 1067 2830 ἐδόκεον
1099 2771 1214 2854 πολλῷ

205 2857 381 2960 κρατήσειν
407 2873 467 2937 τὸν
493 2871 701 2956 Μαρδόνιον.
747 2869 856 2946 έόντες
883 2866 920 2935 δέ
947 2869 983 2934 έν
1013 2871 1116 2958 Σάμφ
1144 2872 1215 2956 ἅμα
1320 2863 1321 2890 ἑ

206 2977 267 3065 μέν
290 2980 508 3064 ἐβουλεύοντο
531 2983 565 3042 εί
582 2999 615 3041 τι
637 2977 795 3041 δυναίατο
816 2976 919 3040 κακὸν
936 2977 1015 3052 τοὺς
1031 2980 1216 3062 πολεμίους

205 3085 341 3169 ποιέειν,
360 3086 426 3170 ἅμα
445 3080 482 3149 δέ
500 3081 556 3148 καὶ
574 3079 800 3148 ὠτακούστεον
819 3082 879 3166 όκη
898 3079 1047 3147 πεσέεται
1058 3084 1100 3147 τά
1113 3087 1215 3170 Μαρ-

155 3211 204 3261 181
215 3193 333 3258 δονίου
355 3193 537 3277 πρήγματα.
581 3192 660 3267 τοὺς
683 3185 720 3254 δέ
739 3186 900 3271 Ἕλληνας
922 3191 960 3254 τό
981 3211 1016 3253 τε
1039 3191 1098 3273 έαρ
1121 3193 1215 3272 γινό-
1319 3175 1320 3220 Ἰ

205 3319 307 3379 μενον
329 3299 440 3381 ήγειρε
462 3294 516 3361 καὶ
534 3297 731 3380 Μαρδόνιος
754 3292 791 3359 έν
815 3297 979 3379 Θεσσαλίη
1003 3293 1076 3359 έάιν.
1113 3292 1215 3378 ὁμέν

207 3400 247 3482 δή
275 3400 368 3476 πεζὸς
394 3400 484 3464 οίαιω
507 3397 715 3482 συνελέγετο,
744 3395 824 3464 ὁδὶ
846 3400 1000 3476 ναυτικὸς
1022 3399 1155 3465 ἀπίκετο
1180 3401 1216 3478 ές

206 3509 360 3586 Αίγιναν,
383 3503 455 3579 νέες
473 3504 619 3590 ἀριθμὸν
638 3501 717 3568 δέκα
736 3501 790 3567 καὶ
810 3502 936 3570 ἑκατόν.
974 3507 1157 3590 στρατηγὸς
1177 3503 1216 3572 δὲ
