<?xml version="1.0" encoding="UTF-8"?>
<!DOCTYPE html PUBLIC "-//W3C//DTD XHTML 1.0 Transitional//EN"
    "http://www.w3.org/TR/xhtml1/DTD/xhtml1-transitional.dtd">
<html xmlns="http://www.w3.org/1999/xhtml" xml:lang="en" lang="en">
 <head>
  <title>
</title>
<meta http-equiv="Content-Type" content="text/html;charset=utf-8" />
  <meta name='ocr-system' content='tesseract 3.04.00' />
  <meta name='ocr-capabilities' content='ocr_page ocr_carea ocr_par ocr_line ocrx_word'/>
</head>
<body>
  <div class='ocr_page' id='page_1' title='image "./herodotihistori07herogoog_0401.png"; bbox 0 0 2632 3970; ppageno 0'>
   <div class='ocr_carea' id='block_1_1' title="bbox 202 234 807 304">
    <p class='ocr_par' dir='ltr' id='par_1_1' title="bbox 202 234 807 304">
     <span class='ocr_line' id='line_1_1' title="bbox 202 234 807 304; baseline 0 -14"><span class='ocrx_word' id='word_1_1' title='bbox 202 238 268 304; x_wconf 85' lang='lat'><strong><em>344</em></strong></span> <span class='ocrx_word' id='word_1_2' title='bbox 617 234 807 292; x_wconf 76' lang='grc' dir='ltr'><strong><em>Ηεεοοοεε</em></strong></span> 
     </span>
    </p>
   </div>
   <div class='ocr_carea' id='block_1_2' title="bbox 202 377 1293 686">
    <p class='ocr_par' dir='ltr' id='par_1_2' title="bbox 202 377 1293 686">
     <span class='ocr_line' id='line_1_2' title="bbox 202 377 1205 466; baseline -0.001 -20"><span class='ocrx_word' id='word_1_3' title='bbox 202 379 339 466; x_wconf 83' lang='grc' dir='ltr'><strong><em>ἀνδρα),</em></strong></span> <span class='ocrx_word' id='word_1_4' title='bbox 362 379 583 466; x_wconf 77' lang='grc' dir='ltr'><strong><em>ἐπιρρεόντων</em></strong></span> <span class='ocrx_word' id='word_1_5' title='bbox 606 377 643 446; x_wconf 74' lang='grc' dir='ltr'><strong><em>δέ</em></strong></span> <span class='ocrx_word' id='word_1_6' title='bbox 665 390 731 445; x_wconf 81' lang='grc' dir='ltr'><strong><em>τῶν</em></strong></span> <span class='ocrx_word' id='word_1_7' title='bbox 749 378 917 462; x_wconf 82' lang='grc' dir='ltr'><strong><em>Ἑλλήνων</em></strong></span> <span class='ocrx_word' id='word_1_8' title='bbox 938 377 994 444; x_wconf 84' lang='grc' dir='ltr'><strong><em>καὶ</em></strong></span> <span class='ocrx_word' id='word_1_9' title='bbox 1016 379 1205 464; x_wconf 78' lang='grc' dir='ltr'><strong><em>γινομένων</em></strong></span> 
     </span>
     <span class='ocr_line' id='line_1_3' title="bbox 203 485 1206 572; baseline 0 -20"><span class='ocrx_word' id='word_1_10' title='bbox 203 487 355 552; x_wconf 76' lang='grc' dir='ltr'><strong><em>πλεύνων</em></strong></span> <span class='ocrx_word' id='word_1_11' title='bbox 372 488 591 571; x_wconf 76' lang='grc' dir='ltr'><strong><em>Τιμηγενίδης</em></strong></span> <span class='ocrx_word' id='word_1_12' title='bbox 604 485 777 572; x_wconf 86' lang='grc' dir='ltr'><strong><em>όἝρπυος</em></strong></span> <span class='ocrx_word' id='word_1_13' title='bbox 790 487 873 572; x_wconf 81' lang='grc' dir='ltr'><strong><em>ἀνὴρ</em></strong></span> <span class='ocrx_word' id='word_1_14' title='bbox 889 489 1032 570; x_wconf 78' lang='grc' dir='ltr'><strong><em>Θηβαῖος</em></strong></span> <span class='ocrx_word' id='word_1_15' title='bbox 1044 489 1206 571; x_wconf 80' lang='grc' dir='ltr'><strong><em>συνεβού</em></strong></span> 
     </span>
     <span class='ocr_line' id='line_1_4' title="bbox 203 591 1293 686; baseline 0.001 -29"><span class='ocrx_word' id='word_1_16' title='bbox 203 598 299 658; x_wconf 91' lang='grc' dir='ltr'><strong><em>λευσε</em></strong></span> <span class='ocrx_word' id='word_1_17' title='bbox 312 594 498 680; x_wconf 76' lang='grc' dir='ltr'><strong><em>Μαρδονίῳ</em></strong></span> <span class='ocrx_word' id='word_1_18' title='bbox 516 593 575 669; x_wconf 88' lang='grc' dir='ltr'><strong><em>τάς</em></strong></span> <span class='ocrx_word' id='word_1_19' title='bbox 592 593 728 676; x_wconf 84' lang='grc' dir='ltr'><strong><em>ἐκβολὰς</em></strong></span> <span class='ocrx_word' id='word_1_20' title='bbox 745 601 805 656; x_wconf 87' lang='grc' dir='ltr'><strong><em>τοῦ</em></strong></span> <span class='ocrx_word' id='word_1_21' title='bbox 819 595 1032 678; x_wconf 83' lang='grc' dir='ltr'><strong><em>Κιθαιρῶνος</em></strong></span> <span class='ocrx_word' id='word_1_22' title='bbox 1049 591 1204 676; x_wconf 83' lang='grc' dir='ltr'><strong><em>φυλάξαι,</em></strong></span> <span class='ocrx_word' id='word_1_23' title='bbox 1292 665 1293 686; x_wconf 24' lang='grc' dir='ltr'><strong><em>χ</em></strong></span> 
     </span>
    </p>
   </div>
   <div class='ocr_carea' id='block_1_3' title="bbox 151 691 1297 3534">
    <p class='ocr_par' dir='ltr' id='par_1_3' title="bbox 203 691 1206 786">
     <span class='ocr_line' id='line_1_5' title="bbox 203 691 1206 786; baseline 0 -23"><span class='ocrx_word' id='word_1_24' title='bbox 203 697 309 782; x_wconf 88' lang='grc' dir='ltr'><strong><em>λέγων</em></strong></span> <span class='ocrx_word' id='word_1_25' title='bbox 328 699 373 776; x_wconf 80' lang='grc' dir='ltr'><strong><em>ὡς</em></strong></span> <span class='ocrx_word' id='word_1_26' title='bbox 386 697 574 786; x_wconf 78' lang='grc' dir='ltr'><strong><em>ἐπιρρέουσι</em></strong></span> <span class='ocrx_word' id='word_1_27' title='bbox 588 699 623 763; x_wconf 92' lang='grc' dir='ltr'><strong><em>οί</em></strong></span> <span class='ocrx_word' id='word_1_28' title='bbox 630 697 785 782; x_wconf 86' lang='grc' dir='ltr'><strong><em>Ἕλληνες</em></strong></span> <span class='ocrx_word' id='word_1_29' title='bbox 796 691 863 763; x_wconf 81' lang='grc' dir='ltr'><strong><em>ἀίεὶ</em></strong></span> <span class='ocrx_word' id='word_1_30' title='bbox 876 697 940 762; x_wconf 83' lang='grc' dir='ltr'><strong><em>ἀνά</em></strong></span> <span class='ocrx_word' id='word_1_31' title='bbox 952 707 1060 764; x_wconf 85' lang='grc' dir='ltr'><strong><em>πᾶσαν</em></strong></span> <span class='ocrx_word' id='word_1_32' title='bbox 1078 697 1206 784; x_wconf 81' lang='grc' dir='ltr'><strong><em>ἡμέρην</em></strong></span> 
     </span>
    </p>

    <p class='ocr_par' dir='ltr' id='par_1_4' title="bbox 151 801 1297 2266">
     <span class='ocr_line' id='line_1_6' title="bbox 151 801 1206 889; baseline -0.002 -19"><span class='ocrx_word' id='word_1_33' title='bbox 151 829 184 878; x_wconf 77' lang='lat'><strong><em>³9</em></strong></span> <span class='ocrx_word' id='word_1_34' title='bbox 203 801 258 870; x_wconf 84' lang='grc' dir='ltr'><strong><em>καὶ</em></strong></span> <span class='ocrx_word' id='word_1_35' title='bbox 289 805 334 881; x_wconf 81' lang='grc' dir='ltr'><strong><em>ὡς</em></strong></span> <span class='ocrx_word' id='word_1_36' title='bbox 365 805 591 889; x_wconf 76' lang='grc' dir='ltr'><strong><em>ἀπολάμψοιτο</em></strong></span> <span class='ocrx_word' id='word_1_37' title='bbox 621 804 773 888; x_wconf 88' lang='grc' dir='ltr'><strong><em>συχνούς.</em></strong></span> <span class='ocrx_word' id='word_1_38' title='bbox 816 803 934 889; x_wconf 88' lang='grc' dir='ltr'><strong><em>ἡμέραι</em></strong></span> <span class='ocrx_word' id='word_1_39' title='bbox 958 802 998 869; x_wconf 90' lang='grc' dir='ltr'><strong><em>δέ</em></strong></span> <span class='ocrx_word' id='word_1_40' title='bbox 1022 820 1083 888; x_wconf 86' lang='grc' dir='ltr'><strong><em>σφι</em></strong></span> <span class='ocrx_word' id='word_1_41' title='bbox 1115 803 1206 869; x_wconf 87' lang='grc' dir='ltr'><strong><em>ἀντι-</em></strong></span> 
     </span>
     <span class='ocr_line' id='line_1_7' title="bbox 203 908 1207 994; baseline -0.001 -18"><span class='ocrx_word' id='word_1_42' title='bbox 203 909 414 994; x_wconf 87' lang='grc' dir='ltr'><strong><em>κατημένοισι</em></strong></span> <span class='ocrx_word' id='word_1_43' title='bbox 440 911 504 994; x_wconf 86' lang='grc' dir='ltr'><strong><em>ἡδη</em></strong></span> <span class='ocrx_word' id='word_1_44' title='bbox 534 910 729 993; x_wconf 80' lang='grc' dir='ltr'><strong><em>ἐγεγόνεσαν</em></strong></span> <span class='ocrx_word' id='word_1_45' title='bbox 752 908 851 991; x_wconf 83' lang='grc' dir='ltr'><strong><em>ὀκτώ,</em></strong></span> <span class='ocrx_word' id='word_1_46' title='bbox 880 909 933 974; x_wconf 84' lang='grc' dir='ltr'><strong><em>ὅτε</em></strong></span> <span class='ocrx_word' id='word_1_47' title='bbox 955 918 1058 975; x_wconf 83' lang='grc' dir='ltr'><strong><em>ταῦτα</em></strong></span> <span class='ocrx_word' id='word_1_48' title='bbox 1081 908 1207 986; x_wconf 81' lang='grc' dir='ltr'><strong><em>ἐκεῖνος</em></strong></span> 
     </span>
     <span class='ocr_line' id='line_1_8' title="bbox 204 1011 1206 1102; baseline 0.001 -22"><span class='ocrx_word' id='word_1_49' title='bbox 204 1016 424 1098; x_wconf 87' lang='grc' dir='ltr'><strong><em>συνεβούλευε</em></strong></span> <span class='ocrx_word' id='word_1_50' title='bbox 446 1016 641 1102; x_wconf 76' lang='grc' dir='ltr'><strong><em>Μαρδονίῳ.</em></strong></span> <span class='ocrx_word' id='word_1_51' title='bbox 683 1014 701 1080; x_wconf 85' lang='grc' dir='ltr'><strong>ὁ</strong></span> <span class='ocrx_word' id='word_1_52' title='bbox 725 1011 763 1079; x_wconf 75' lang='grc' dir='ltr'><strong><em>δέ</em></strong></span> <span class='ocrx_word' id='word_1_53' title='bbox 784 1014 904 1099; x_wconf 85' lang='grc' dir='ltr'><strong><em>μαθὼν</em></strong></span> <span class='ocrx_word' id='word_1_54' title='bbox 925 1015 987 1098; x_wconf 89' lang='grc' dir='ltr'><strong><em>τὴν</em></strong></span> <span class='ocrx_word' id='word_1_55' title='bbox 1010 1018 1206 1100; x_wconf 88' lang='grc' dir='ltr'><strong><em>παραίνεσιν</em></strong></span> 
     </span>
     <span class='ocr_line' id='line_1_9' title="bbox 204 1115 1207 1206; baseline 0.001 -19"><span class='ocrx_word' id='word_1_56' title='bbox 204 1115 242 1187; x_wconf 82' lang='grc' dir='ltr'><strong><em>εὖ</em></strong></span> <span class='ocrx_word' id='word_1_57' title='bbox 264 1123 417 1205; x_wconf 74' lang='grc' dir='ltr'><strong><em>ἔχουσαν,</em></strong></span> <span class='ocrx_word' id='word_1_58' title='bbox 440 1120 485 1197; x_wconf 79' lang='grc' dir='ltr'><strong><em>ὡς</em></strong></span> <span class='ocrx_word' id='word_1_59' title='bbox 507 1120 655 1206; x_wconf 82' lang='grc' dir='ltr'><strong><em>εὐφρόνη</em></strong></span> <span class='ocrx_word' id='word_1_60' title='bbox 674 1117 814 1202; x_wconf 84' lang='grc' dir='ltr'><strong><em>ἐγένετο,</em></strong></span> <span class='ocrx_word' id='word_1_61' title='bbox 836 1118 954 1204; x_wconf 81' lang='grc' dir='ltr'><strong><em>πέμπει</em></strong></span> <span class='ocrx_word' id='word_1_62' title='bbox 971 1121 1033 1204; x_wconf 88' lang='grc' dir='ltr'><strong><em>τὴν</em></strong></span> <span class='ocrx_word' id='word_1_63' title='bbox 1051 1121 1153 1186; x_wconf 78' lang='grc' dir='ltr'><strong><em>ἵππον</em></strong></span> <span class='ocrx_word' id='word_1_64' title='bbox 1172 1122 1207 1200; x_wconf 83' lang='grc' dir='ltr'><strong><em>ἐς</em></strong></span> 
     </span>
     <span class='ocr_line' id='line_1_10' title="bbox 202 1223 1205 1313; baseline -0.001 -19"><span class='ocrx_word' id='word_1_65' title='bbox 202 1229 261 1305; x_wconf 80' lang='grc' dir='ltr'><strong><em>τὰς</em></strong></span> <span class='ocrx_word' id='word_1_66' title='bbox 283 1226 419 1310; x_wconf 82' lang='grc' dir='ltr'><strong><em>ἐκβολάς</em></strong></span> <span class='ocrx_word' id='word_1_67' title='bbox 436 1226 687 1311; x_wconf 81' lang='grc' dir='ltr'><strong><em>Κιθαιρωνίδας</em></strong></span> <span class='ocrx_word' id='word_1_68' title='bbox 709 1229 747 1290; x_wconf 77' lang='grc' dir='ltr'><strong><em>αἳ</em></strong></span> <span class='ocrx_word' id='word_1_69' title='bbox 766 1223 818 1290; x_wconf 83' lang='grc' dir='ltr'><strong><em>ἐπὶ</em></strong></span> <span class='ocrx_word' id='word_1_70' title='bbox 837 1224 1031 1292; x_wconf 82' lang='grc' dir='ltr'><strong><em>Πλαταιέων</em></strong></span> <span class='ocrx_word' id='word_1_71' title='bbox 1052 1226 1205 1313; x_wconf 86' lang='grc' dir='ltr'><strong><em>φέρουσι,</em></strong></span> 
     </span>
     <span class='ocr_line' id='line_1_11' title="bbox 203 1328 1207 1418; baseline 0 -19"><span class='ocrx_word' id='word_1_72' title='bbox 203 1336 261 1411; x_wconf 87' lang='grc' dir='ltr'><strong><em>τάς</em></strong></span> <span class='ocrx_word' id='word_1_73' title='bbox 282 1328 424 1398; x_wconf 84' lang='grc' dir='ltr'><strong><em>Βοιωτοὶ</em></strong></span> <span class='ocrx_word' id='word_1_74' title='bbox 451 1328 512 1416; x_wconf 76' lang='grc' dir='ltr'><strong><em>μέν</em></strong></span> <span class='ocrx_word' id='word_1_75' title='bbox 542 1335 637 1418; x_wconf 72' lang='grc' dir='ltr'><strong><em>Τρεῖς</em></strong></span> <span class='ocrx_word' id='word_1_76' title='bbox 662 1333 807 1414; x_wconf 83' lang='grc' dir='ltr'><strong><em>κεφαλὰς</em></strong></span> <span class='ocrx_word' id='word_1_77' title='bbox 832 1330 1002 1415; x_wconf 89' lang='grc' dir='ltr'><strong><em>καλέουσι,</em></strong></span> <span class='ocrx_word' id='word_1_78' title='bbox 1032 1329 1207 1417; x_wconf 84' lang='grc' dir='ltr'><strong><em>Ἀθηναῖοι</em></strong></span> 
     </span>
     <span class='ocr_line' id='line_1_12' title="bbox 205 1434 1207 1524; baseline 0.001 -20"><span class='ocrx_word' id='word_1_79' title='bbox 205 1436 242 1504; x_wconf 78' lang='grc' dir='ltr'><strong><em>δέ</em></strong></span> <span class='ocrx_word' id='word_1_80' title='bbox 273 1440 387 1524; x_wconf 83' lang='grc' dir='ltr'><strong><em>Δρυὸς</em></strong></span> <span class='ocrx_word' id='word_1_81' title='bbox 421 1437 574 1521; x_wconf 88' lang='grc' dir='ltr'><strong><em>κεφαλάς.</em></strong></span> <span class='ocrx_word' id='word_1_82' title='bbox 626 1435 831 1522; x_wconf 78' lang='grc' dir='ltr'><strong><em>πεμφθέντες</em></strong></span> <span class='ocrx_word' id='word_1_83' title='bbox 863 1434 900 1502; x_wconf 76' lang='grc' dir='ltr'><strong><em>δὲ</em></strong></span> <span class='ocrx_word' id='word_1_84' title='bbox 931 1438 967 1502; x_wconf 86' lang='grc' dir='ltr'><strong><em>οί</em></strong></span> <span class='ocrx_word' id='word_1_85' title='bbox 997 1439 1129 1505; x_wconf 78' lang='grc' dir='ltr'><strong><em>ἱππόται</em></strong></span> <span class='ocrx_word' id='word_1_86' title='bbox 1165 1440 1207 1505; x_wconf 87' lang='grc' dir='ltr'><strong><em>οὐ</em></strong></span> 
     </span>
     <span class='ocr_line' id='line_1_13' title="bbox 204 1542 1208 1630; baseline 0.001 -20"><span class='ocrx_word' id='word_1_87' title='bbox 204 1544 309 1630; x_wconf 90' lang='grc' dir='ltr'><strong><em>μάτην</em></strong></span> <span class='ocrx_word' id='word_1_88' title='bbox 332 1545 503 1609; x_wconf 89' lang='grc' dir='ltr'><strong><em>ἀπίκοντο·</em></strong></span> <span class='ocrx_word' id='word_1_89' title='bbox 527 1543 727 1627; x_wconf 78' lang='grc' dir='ltr'><strong><em>ἐσβάλλοντα</em></strong></span> <span class='ocrx_word' id='word_1_90' title='bbox 745 1545 808 1626; x_wconf 85' lang='grc' dir='ltr'><strong><em>γὰρ</em></strong></span> <span class='ocrx_word' id='word_1_91' title='bbox 832 1542 866 1620; x_wconf 92' lang='grc' dir='ltr'><strong><em>ές</em></strong></span> <span class='ocrx_word' id='word_1_92' title='bbox 887 1545 924 1608; x_wconf 88' lang='grc' dir='ltr'><strong><em>τὸ</em></strong></span> <span class='ocrx_word' id='word_1_93' title='bbox 947 1544 1064 1610; x_wconf 90' lang='grc' dir='ltr'><strong><em>πεδίον</em></strong></span> <span class='ocrx_word' id='word_1_94' title='bbox 1082 1547 1208 1630; x_wconf 89' lang='grc' dir='ltr'><strong><em>λαμβά-</em></strong></span> 
     </span>
     <span class='ocr_line' id='line_1_14' title="bbox 204 1650 1297 1733; baseline -0.002 -15"><span class='ocrx_word' id='word_1_95' title='bbox 204 1668 302 1718; x_wconf 92' lang='grc' dir='ltr'><strong><em>νουσι</em></strong></span> <span class='ocrx_word' id='word_1_96' title='bbox 320 1650 480 1733; x_wconf 80' lang='grc' dir='ltr'><strong><em>ὑποζύγιά</em></strong></span> <span class='ocrx_word' id='word_1_97' title='bbox 496 1672 530 1714; x_wconf 91' lang='grc' dir='ltr'><strong><em>τε</em></strong></span> <span class='ocrx_word' id='word_1_98' title='bbox 548 1652 757 1732; x_wconf 87' lang='grc' dir='ltr'><strong><em>πεντακόσια,</em></strong></span> <span class='ocrx_word' id='word_1_99' title='bbox 776 1651 863 1715; x_wconf 89' lang='grc' dir='ltr'><strong><em>σιτία</em></strong></span> <span class='ocrx_word' id='word_1_100' title='bbox 881 1650 1004 1732; x_wconf 88' lang='grc' dir='ltr'><strong><em>ἀγοντα</em></strong></span> <span class='ocrx_word' id='word_1_101' title='bbox 1023 1650 1086 1716; x_wconf 86' lang='grc' dir='ltr'><strong><em>ἀπὸ</em></strong></span> <span class='ocrx_word' id='word_1_102' title='bbox 1100 1656 1207 1716; x_wconf 90' lang='grc' dir='ltr'><strong><em>Πελο-</em></strong></span> <span class='ocrx_word' id='word_1_103' title='bbox 1296 1664 1297 1680; x_wconf 70' lang='grc'>’</span> 
     </span>
     <span class='ocr_line' id='line_1_15' title="bbox 203 1753 1207 1841; baseline 0.001 -18"><span class='ocrx_word' id='word_1_104' title='bbox 203 1759 375 1840; x_wconf 86' lang='grc' dir='ltr'><strong><em>ποννὴσου</em></strong></span> <span class='ocrx_word' id='word_1_105' title='bbox 394 1755 427 1833; x_wconf 88' lang='grc' dir='ltr'><strong><em>ἐς</em></strong></span> <span class='ocrx_word' id='word_1_106' title='bbox 444 1756 482 1820; x_wconf 90' lang='grc' dir='ltr'><strong><em>τὸ</em></strong></span> <span class='ocrx_word' id='word_1_107' title='bbox 496 1757 730 1840; x_wconf 88' lang='grc' dir='ltr'><strong><em>στρατόπεδον,</em></strong></span> <span class='ocrx_word' id='word_1_108' title='bbox 744 1753 800 1820; x_wconf 79' lang='grc' dir='ltr'><strong><em>καὶ</em></strong></span> <span class='ocrx_word' id='word_1_109' title='bbox 813 1755 1014 1841; x_wconf 74' lang='grc' dir='ltr'><strong><em>ἀνθρώπους</em></strong></span> <span class='ocrx_word' id='word_1_110' title='bbox 1027 1759 1064 1822; x_wconf 79' lang='grc' dir='ltr'><strong><em>οἳ</em></strong></span> <span class='ocrx_word' id='word_1_111' title='bbox 1073 1757 1207 1824; x_wconf 81' lang='grc' dir='ltr'><strong><em>εἵποντο</em></strong></span> 
     </span>
     <span class='ocr_line' id='line_1_16' title="bbox 204 1859 1297 1950; baseline -0.001 -21"><span class='ocrx_word' id='word_1_112' title='bbox 204 1875 291 1930; x_wconf 79' lang='grc' dir='ltr'><strong><em>τοῖσι</em></strong></span> <span class='ocrx_word' id='word_1_113' title='bbox 310 1863 444 1946; x_wconf 79' lang='grc' dir='ltr'><strong><em>ζεύγεσι.</em></strong></span> <span class='ocrx_word' id='word_1_114' title='bbox 482 1860 610 1939; x_wconf 84' lang='grc' dir='ltr'><strong><em>ἑλόντες</em></strong></span> <span class='ocrx_word' id='word_1_115' title='bbox 629 1859 665 1926; x_wconf 77' lang='grc' dir='ltr'><strong><em>δέ</em></strong></span> <span class='ocrx_word' id='word_1_116' title='bbox 683 1861 806 1944; x_wconf 89' lang='grc' dir='ltr'><strong><em>ταύτην</em></strong></span> <span class='ocrx_word' id='word_1_117' title='bbox 823 1861 884 1942; x_wconf 88' lang='grc' dir='ltr'><strong><em>τὴν</em></strong></span> <span class='ocrx_word' id='word_1_118' title='bbox 902 1863 1009 1947; x_wconf 87' lang='grc' dir='ltr'><strong><em>ἀγρην</em></strong></span> <span class='ocrx_word' id='word_1_119' title='bbox 1028 1863 1063 1928; x_wconf 90' lang='grc' dir='ltr'><strong><em>οί</em></strong></span> <span class='ocrx_word' id='word_1_120' title='bbox 1078 1863 1207 1950; x_wconf 87' lang='grc' dir='ltr'><strong><em>Πέρσαι</em></strong></span> <span class='ocrx_word' id='word_1_121' title='bbox 1295 1891 1297 1904; x_wconf 60' lang='lat'><strong><em>⁴</em></strong></span> 
     </span>
     <span class='ocr_line' id='line_1_17' title="bbox 205 1966 1208 2054; baseline 0 -19"><span class='ocrx_word' id='word_1_122' title='bbox 205 1968 366 2054; x_wconf 88' lang='grc' dir='ltr'><strong><em>ἀφειδέως</em></strong></span> <span class='ocrx_word' id='word_1_123' title='bbox 402 1968 581 2051; x_wconf 89' lang='grc' dir='ltr'><strong><em>ἐφόνευον,</em></strong></span> <span class='ocrx_word' id='word_1_124' title='bbox 618 1966 659 2032; x_wconf 87' lang='grc' dir='ltr'><strong><em>ού</em></strong></span> <span class='ocrx_word' id='word_1_125' title='bbox 691 1967 883 2050; x_wconf 89' lang='grc' dir='ltr'><strong><em>φειδόμενοι</em></strong></span> <span class='ocrx_word' id='word_1_126' title='bbox 919 1967 995 2033; x_wconf 84' lang='grc' dir='ltr'><strong><em>ούτε</em></strong></span> <span class='ocrx_word' id='word_1_127' title='bbox 1026 1967 1208 2054; x_wconf 78' lang='grc' dir='ltr'><strong><em>ὑποζυγίου</em></strong></span> 
     </span>
     <span class='ocr_line' id='line_1_18' title="bbox 206 2067 1205 2159; baseline 0 -18"><span class='ocrx_word' id='word_1_128' title='bbox 206 2077 345 2152; x_wconf 86' lang='grc' dir='ltr'><strong><em>οὐδενὸς</em></strong></span> <span class='ocrx_word' id='word_1_129' title='bbox 362 2074 438 2140; x_wconf 82' lang='grc' dir='ltr'><strong><em>οὔτε</em></strong></span> <span class='ocrx_word' id='word_1_130' title='bbox 457 2073 647 2159; x_wconf 82' lang='grc' dir='ltr'><strong><em>ἀνθρώπου.</em></strong></span> <span class='ocrx_word' id='word_1_131' title='bbox 682 2072 726 2148; x_wconf 80' lang='grc' dir='ltr'><strong><em>ὡς</em></strong></span> <span class='ocrx_word' id='word_1_132' title='bbox 744 2068 781 2136; x_wconf 70' lang='grc' dir='ltr'><strong><em>δὲ</em></strong></span> <span class='ocrx_word' id='word_1_133' title='bbox 799 2073 884 2155; x_wconf 83' lang='grc' dir='ltr'><strong><em>ἀδην</em></strong></span> <span class='ocrx_word' id='word_1_134' title='bbox 903 2067 993 2157; x_wconf 86' lang='grc' dir='ltr'><strong><em>είχον</em></strong></span> <span class='ocrx_word' id='word_1_135' title='bbox 1010 2078 1205 2158; x_wconf 87' lang='grc' dir='ltr'><strong><em>κτείνοντες,</em></strong></span> 
     </span>
     <span class='ocr_line' id='line_1_19' title="bbox 205 2180 1208 2266; baseline 0.001 -21"><span class='ocrx_word' id='word_1_136' title='bbox 205 2183 245 2246; x_wconf 81' lang='grc' dir='ltr'><strong><em>τά</em></strong></span> <span class='ocrx_word' id='word_1_137' title='bbox 267 2183 366 2247; x_wconf 88' lang='grc' dir='ltr'><strong><em>λοιπά</em></strong></span> <span class='ocrx_word' id='word_1_138' title='bbox 388 2180 498 2245; x_wconf 85' lang='grc' dir='ltr'><strong><em>αὐτῶν</em></strong></span> <span class='ocrx_word' id='word_1_139' title='bbox 515 2181 662 2262; x_wconf 73' lang='grc' dir='ltr'><strong><em>ἤλαυνον</em></strong></span> <span class='ocrx_word' id='word_1_140' title='bbox 680 2180 933 2263; x_wconf 80' lang='grc' dir='ltr'><strong><em>περιβαλόμενοι</em></strong></span> <span class='ocrx_word' id='word_1_141' title='bbox 950 2181 1039 2265; x_wconf 89' lang='grc' dir='ltr'><strong><em>παρά</em></strong></span> <span class='ocrx_word' id='word_1_142' title='bbox 1056 2203 1092 2246; x_wconf 93' lang='grc' dir='ltr'><strong><em>τε</em></strong></span> <span class='ocrx_word' id='word_1_143' title='bbox 1109 2185 1208 2266; x_wconf 85' lang='grc' dir='ltr'><strong><em>Μαρ-</em></strong></span> 
     </span>
    </p>

    <p class='ocr_par' dir='ltr' id='par_1_5' title="bbox 154 2281 1211 3324">
     <span class='ocr_line' id='line_1_20' title="bbox 154 2281 1208 2373; baseline 0.002 -23"><span class='ocrx_word' id='word_1_144' title='bbox 154 2308 188 2358; x_wconf 86' lang='lat'><strong><em>40</em></strong></span> <span class='ocrx_word' id='word_1_145' title='bbox 207 2288 323 2351; x_wconf 89' lang='grc' dir='ltr'><strong><em>δόνιον</em></strong></span> <span class='ocrx_word' id='word_1_146' title='bbox 340 2284 395 2350; x_wconf 79' lang='grc' dir='ltr'><strong><em>καὶ</em></strong></span> <span class='ocrx_word' id='word_1_147' title='bbox 413 2285 447 2361; x_wconf 87' lang='grc' dir='ltr'><strong><em>ἐς</em></strong></span> <span class='ocrx_word' id='word_1_148' title='bbox 463 2286 500 2350; x_wconf 89' lang='grc' dir='ltr'><strong><em>τὸ</em></strong></span> <span class='ocrx_word' id='word_1_149' title='bbox 520 2285 751 2370; x_wconf 88' lang='grc' dir='ltr'><strong><em>στρατόπεδον.</em></strong></span> <span class='ocrx_word' id='word_1_150' title='bbox 783 2285 862 2366; x_wconf 82' lang='grc' dir='ltr'><strong><em>μετὰ</em></strong></span> <span class='ocrx_word' id='word_1_151' title='bbox 880 2281 917 2349; x_wconf 78' lang='grc' dir='ltr'><strong><em>δέ</em></strong></span> <span class='ocrx_word' id='word_1_152' title='bbox 935 2295 1033 2351; x_wconf 87' lang='grc' dir='ltr'><strong><em>τοῦτο</em></strong></span> <span class='ocrx_word' id='word_1_153' title='bbox 1051 2287 1088 2351; x_wconf 87' lang='grc' dir='ltr'><strong><em>τὸ</em></strong></span> <span class='ocrx_word' id='word_1_154' title='bbox 1107 2289 1208 2373; x_wconf 83' lang='grc' dir='ltr'><strong><em>ἔργον</em></strong></span> 
     </span>
     <span class='ocr_line' id='line_1_21' title="bbox 206 2388 1209 2478; baseline 0.001 -21"><span class='ocrx_word' id='word_1_155' title='bbox 206 2389 318 2476; x_wconf 78' lang='grc' dir='ltr'><strong><em>ἑτέρας</em></strong></span> <span class='ocrx_word' id='word_1_156' title='bbox 349 2391 411 2455; x_wconf 92' lang='grc' dir='ltr'><strong><em>δύο</em></strong></span> <span class='ocrx_word' id='word_1_157' title='bbox 440 2388 563 2475; x_wconf 88' lang='grc' dir='ltr'><strong><em>ἡμέρας</em></strong></span> <span class='ocrx_word' id='word_1_158' title='bbox 594 2388 779 2475; x_wconf 78' lang='grc' dir='ltr'><strong><em>διέτριψαν,</em></strong></span> <span class='ocrx_word' id='word_1_159' title='bbox 812 2388 982 2474; x_wconf 79' lang='grc' dir='ltr'><strong><em>οὐδέτεροι</em></strong></span> <span class='ocrx_word' id='word_1_160' title='bbox 1008 2394 1209 2478; x_wconf 89' lang='grc' dir='ltr'><strong><em>βουλόμενοι</em></strong></span> 
     </span>
     <span class='ocr_line' id='line_1_22' title="bbox 207 2491 1211 2583; baseline 0.005 -24"><span class='ocrx_word' id='word_1_161' title='bbox 207 2497 310 2583; x_wconf 84' lang='grc' dir='ltr'><strong><em>μάχης</em></strong></span> <span class='ocrx_word' id='word_1_162' title='bbox 336 2494 445 2582; x_wconf 80' lang='grc' dir='ltr'><strong><em>ἄρξαι·</em></strong></span> <span class='ocrx_word' id='word_1_163' title='bbox 478 2494 572 2580; x_wconf 84' lang='grc' dir='ltr'><strong><em>μέχρι</em></strong></span> <span class='ocrx_word' id='word_1_164' title='bbox 595 2491 655 2579; x_wconf 79' lang='grc' dir='ltr'><strong><em>μέν</em></strong></span> <span class='ocrx_word' id='word_1_165' title='bbox 677 2497 740 2579; x_wconf 84' lang='grc' dir='ltr'><strong><em>γὰρ</em></strong></span> <span class='ocrx_word' id='word_1_166' title='bbox 763 2504 822 2559; x_wconf 84' lang='grc' dir='ltr'><strong><em>τοῦ</em></strong></span> <span class='ocrx_word' id='word_1_167' title='bbox 842 2491 991 2562; x_wconf 88' lang='grc' dir='ltr'><strong><em>Ἀσωποῦ</em></strong></span> <span class='ocrx_word' id='word_1_168' title='bbox 1013 2497 1153 2582; x_wconf 76' lang='grc' dir='ltr'><strong><em>ἐπήισαν</em></strong></span> <span class='ocrx_word' id='word_1_169' title='bbox 1176 2500 1211 2564; x_wconf 90' lang='grc' dir='ltr'><strong><em>οί</em></strong></span> 
     </span>
     <span class='ocr_line' id='line_1_23' title="bbox 207 2597 1209 2690; baseline 0.002 -22"><span class='ocrx_word' id='word_1_170' title='bbox 207 2603 369 2690; x_wconf 90' lang='grc' dir='ltr'><strong><em>βάρβαροι</em></strong></span> <span class='ocrx_word' id='word_1_171' title='bbox 389 2601 587 2687; x_wconf 82' lang='grc' dir='ltr'><strong><em>πειρώμενοι</em></strong></span> <span class='ocrx_word' id='word_1_172' title='bbox 603 2611 670 2665; x_wconf 82' lang='grc' dir='ltr'><strong><em>τῶν</em></strong></span> <span class='ocrx_word' id='word_1_173' title='bbox 680 2597 857 2685; x_wconf 80' lang='grc' dir='ltr'><strong><em>Ἑλλήνων,</em></strong></span> <span class='ocrx_word' id='word_1_174' title='bbox 877 2601 1047 2686; x_wconf 80' lang='grc' dir='ltr'><strong><em>διέβαινον</em></strong></span> <span class='ocrx_word' id='word_1_175' title='bbox 1062 2600 1099 2669; x_wconf 77' lang='grc' dir='ltr'><strong><em>δέ</em></strong></span> <span class='ocrx_word' id='word_1_176' title='bbox 1113 2604 1209 2670; x_wconf 84' lang='grc' dir='ltr'><strong><em>ούδέ-</em></strong></span> 
     </span>
     <span class='ocr_line' id='line_1_24' title="bbox 207 2706 1208 2797; baseline 0 -22"><span class='ocrx_word' id='word_1_177' title='bbox 207 2733 304 2797; x_wconf 89' lang='grc' dir='ltr'><strong><em>τεροι.</em></strong></span> <span class='ocrx_word' id='word_1_178' title='bbox 349 2709 369 2792; x_wconf 96' lang='grc' dir='ltr'><strong><em>ἡ</em></strong></span> <span class='ocrx_word' id='word_1_179' title='bbox 393 2706 506 2792; x_wconf 92' lang='grc' dir='ltr'><strong><em>μέντοι</em></strong></span> <span class='ocrx_word' id='word_1_180' title='bbox 533 2707 631 2783; x_wconf 82' lang='grc' dir='ltr'><strong><em>ἵππος</em></strong></span> <span class='ocrx_word' id='word_1_181' title='bbox 655 2707 676 2790; x_wconf 99' lang='grc' dir='ltr'><strong><em>ἡ</em></strong></span> <span class='ocrx_word' id='word_1_182' title='bbox 698 2708 898 2793; x_wconf 89' lang='grc' dir='ltr'><strong><em>Μαρδονίου</em></strong></span> <span class='ocrx_word' id='word_1_183' title='bbox 926 2706 990 2774; x_wconf 80' lang='grc' dir='ltr'><strong><em>αίεὶ</em></strong></span> <span class='ocrx_word' id='word_1_184' title='bbox 1016 2708 1208 2794; x_wconf 88' lang='grc' dir='ltr'><strong><em>προσέκειτό</em></strong></span> 
     </span>
     <span class='ocr_line' id='line_1_25' title="bbox 207 2809 1209 2901; baseline -0.001 -20"><span class='ocrx_word' id='word_1_185' title='bbox 207 2839 242 2882; x_wconf 89' lang='grc' dir='ltr'><strong><em>τε</em></strong></span> <span class='ocrx_word' id='word_1_186' title='bbox 264 2813 319 2880; x_wconf 81' lang='grc' dir='ltr'><strong><em>καὶ</em></strong></span> <span class='ocrx_word' id='word_1_187' title='bbox 342 2815 456 2880; x_wconf 87' lang='grc' dir='ltr'><strong><em>ἐλύπεε</em></strong></span> <span class='ocrx_word' id='word_1_188' title='bbox 478 2815 556 2890; x_wconf 84' lang='grc' dir='ltr'><strong><em>τοὺς</em></strong></span> <span class='ocrx_word' id='word_1_189' title='bbox 570 2809 745 2896; x_wconf 83' lang='grc' dir='ltr'><strong><em>Ἕλληνας·</em></strong></span> <span class='ocrx_word' id='word_1_190' title='bbox 768 2813 803 2878; x_wconf 87' lang='grc' dir='ltr'><strong><em>οί</em></strong></span> <span class='ocrx_word' id='word_1_191' title='bbox 818 2815 880 2899; x_wconf 88' lang='grc' dir='ltr'><strong><em>γάρ</em></strong></span> <span class='ocrx_word' id='word_1_192' title='bbox 900 2818 1050 2898; x_wconf 81' lang='grc' dir='ltr'><strong><em>Θηβαῖοι,</em></strong></span> <span class='ocrx_word' id='word_1_193' title='bbox 1074 2816 1131 2880; x_wconf 80' lang='grc' dir='ltr'><strong><em>ἅτε</em></strong></span> <span class='ocrx_word' id='word_1_194' title='bbox 1148 2840 1209 2901; x_wconf 90' lang='grc' dir='ltr'><strong><em>μη-</em></strong></span> 
     </span>
     <span class='ocr_line' id='line_1_26' title="bbox 209 2919 1210 3005; baseline 0 -18"><span class='ocrx_word' id='word_1_195' title='bbox 209 2922 353 3001; x_wconf 78' lang='grc' dir='ltr'><strong><em>δίζοντες</em></strong></span> <span class='ocrx_word' id='word_1_196' title='bbox 372 2919 534 3004; x_wconf 86' lang='grc' dir='ltr'><strong><em>μεγάλως,</em></strong></span> <span class='ocrx_word' id='word_1_197' title='bbox 556 2919 739 3003; x_wconf 87' lang='grc' dir='ltr'><strong><em>προθύμως</em></strong></span> <span class='ocrx_word' id='word_1_198' title='bbox 762 2921 883 3002; x_wconf 86' lang='grc' dir='ltr'><strong><em>ἔφερον</em></strong></span> <span class='ocrx_word' id='word_1_199' title='bbox 905 2920 964 2984; x_wconf 90' lang='grc' dir='ltr'><strong><em>τὸν</em></strong></span> <span class='ocrx_word' id='word_1_200' title='bbox 986 2923 1133 3005; x_wconf 88' lang='grc' dir='ltr'><strong><em>πόλεμον</em></strong></span> <span class='ocrx_word' id='word_1_201' title='bbox 1153 2920 1210 2987; x_wconf 82' lang='grc' dir='ltr'><strong><em>καὶ</em></strong></span> 
     </span>
     <span class='ocr_line' id='line_1_27' title="bbox 209 3021 1210 3114; baseline 0 -22"><span class='ocrx_word' id='word_1_202' title='bbox 209 3025 272 3092; x_wconf 80' lang='grc' dir='ltr'><strong><em>αίεὶ</em></strong></span> <span class='ocrx_word' id='word_1_203' title='bbox 295 3024 492 3109; x_wconf 85' lang='grc' dir='ltr'><strong><em>κατηγέοντο</em></strong></span> <span class='ocrx_word' id='word_1_204' title='bbox 516 3023 610 3111; x_wconf 88' lang='grc' dir='ltr'><strong><em>μέχρι</em></strong></span> <span class='ocrx_word' id='word_1_205' title='bbox 633 3025 746 3110; x_wconf 84' lang='grc' dir='ltr'><strong><em>μάχης,</em></strong></span> <span class='ocrx_word' id='word_1_206' title='bbox 769 3025 807 3088; x_wconf 92' lang='grc' dir='ltr'><strong><em>τὸ</em></strong></span> <span class='ocrx_word' id='word_1_207' title='bbox 831 3021 868 3089; x_wconf 75' lang='grc' dir='ltr'><strong><em>δέ</em></strong></span> <span class='ocrx_word' id='word_1_208' title='bbox 886 3023 949 3090; x_wconf 90' lang='grc' dir='ltr'><strong><em>ἀπὸ</em></strong></span> <span class='ocrx_word' id='word_1_209' title='bbox 968 3027 1089 3092; x_wconf 89' lang='grc' dir='ltr'><strong><em>τούτου</em></strong></span> <span class='ocrx_word' id='word_1_210' title='bbox 1106 3047 1210 3114; x_wconf 86' lang='grc' dir='ltr'><strong><em>παρα-</em></strong></span> 
     </span>
     <span class='ocr_line' id='line_1_28' title="bbox 210 3128 1210 3217; baseline -0.001 -19"><span class='ocrx_word' id='word_1_211' title='bbox 210 3135 381 3217; x_wconf 90' lang='grc' dir='ltr'><strong><em>δεκόμενοι</em></strong></span> <span class='ocrx_word' id='word_1_212' title='bbox 399 3131 527 3217; x_wconf 90' lang='grc' dir='ltr'><strong><em>Πέρσαι</em></strong></span> <span class='ocrx_word' id='word_1_213' title='bbox 545 3153 580 3196; x_wconf 89' lang='grc' dir='ltr'><strong><em>τε</em></strong></span> <span class='ocrx_word' id='word_1_214' title='bbox 602 3128 657 3196; x_wconf 81' lang='grc' dir='ltr'><strong><em>καὶ</em></strong></span> <span class='ocrx_word' id='word_1_215' title='bbox 675 3131 790 3214; x_wconf 87' lang='grc' dir='ltr'><strong><em>Μὴδοι</em></strong></span> <span class='ocrx_word' id='word_1_216' title='bbox 812 3130 898 3214; x_wconf 88' lang='grc' dir='ltr'><strong><em>μάλα</em></strong></span> <span class='ocrx_word' id='word_1_217' title='bbox 917 3133 1015 3197; x_wconf 83' lang='grc' dir='ltr'><strong><em>ἐσκον</em></strong></span> <span class='ocrx_word' id='word_1_218' title='bbox 1033 3135 1069 3198; x_wconf 77' lang='grc' dir='ltr'><strong><em>οἳ</em></strong></span> <span class='ocrx_word' id='word_1_219' title='bbox 1084 3133 1210 3199; x_wconf 87' lang='grc' dir='ltr'><strong><em>ἀπεδεί-</em></strong></span> 
     </span>
     <span class='ocr_line' id='line_1_29' title="bbox 208 3238 477 3324; baseline -0.007 -20"><span class='ocrx_word' id='word_1_220' title='bbox 208 3261 330 3304; x_wconf 90' lang='grc' dir='ltr'><strong><em>κνυντο</em></strong></span> <span class='ocrx_word' id='word_1_221' title='bbox 353 3238 477 3324; x_wconf 88' lang='grc' dir='ltr'><strong><em>ἀρετάς.</em></strong></span> 
     </span>
    </p>

    <p class='ocr_par' dir='ltr' id='par_1_6' title="bbox 157 3339 1212 3534">
     <span class='ocr_line' id='line_1_30' title="bbox 157 3339 1212 3428; baseline -0.001 -17"><span class='ocrx_word' id='word_1_222' title='bbox 157 3363 189 3411; x_wconf 82' lang='lat'><strong><em>41</em></strong></span> <span class='ocrx_word' id='word_1_223' title='bbox 297 3341 407 3428; x_wconf 82' lang='grc' dir='ltr'><strong><em>Μέχρι</em></strong></span> <span class='ocrx_word' id='word_1_224' title='bbox 424 3341 485 3427; x_wconf 84' lang='grc' dir='ltr'><strong><em>μέν</em></strong></span> <span class='ocrx_word' id='word_1_225' title='bbox 503 3367 568 3408; x_wconf 90' lang='grc' dir='ltr'><strong><em>νυν</em></strong></span> <span class='ocrx_word' id='word_1_226' title='bbox 585 3353 652 3408; x_wconf 81' lang='grc' dir='ltr'><strong><em>τοῖιν</em></strong></span> <span class='ocrx_word' id='word_1_227' title='bbox 671 3342 749 3411; x_wconf 87' lang='grc' dir='ltr'><strong><em>δέκα</em></strong></span> <span class='ocrx_word' id='word_1_228' title='bbox 764 3340 912 3428; x_wconf 79' lang='grc' dir='ltr'><strong><em>ἡμερέων</em></strong></span> <span class='ocrx_word' id='word_1_229' title='bbox 927 3339 1026 3410; x_wconf 68' lang='grc' dir='ltr'><strong><em>οὐδὲν</em></strong></span> <span class='ocrx_word' id='word_1_230' title='bbox 1041 3342 1093 3410; x_wconf 84' lang='grc' dir='ltr'><strong><em>ἐπὶ</em></strong></span> <span class='ocrx_word' id='word_1_231' title='bbox 1107 3350 1212 3410; x_wconf 81' lang='grc' dir='ltr'><strong><em>πλεῦν</em></strong></span> 
     </span>
     <span class='ocr_line' id='line_1_31' title="bbox 209 3446 1212 3534; baseline 0.002 -20"><span class='ocrx_word' id='word_1_232' title='bbox 209 3447 335 3531; x_wconf 91' lang='grc' dir='ltr'><strong><em>ἐγίνετο</em></strong></span> <span class='ocrx_word' id='word_1_233' title='bbox 357 3449 497 3512; x_wconf 88' lang='grc' dir='ltr'><strong><em>τούτων·</em></strong></span> <span class='ocrx_word' id='word_1_234' title='bbox 521 3448 565 3526; x_wconf 80' lang='grc' dir='ltr'><strong><em>ὡς</em></strong></span> <span class='ocrx_word' id='word_1_235' title='bbox 588 3446 624 3514; x_wconf 75' lang='grc' dir='ltr'><strong><em>δὲ</em></strong></span> <span class='ocrx_word' id='word_1_236' title='bbox 648 3448 804 3531; x_wconf 83' lang='grc' dir='ltr'><strong><em>ἑνδεκάτη</em></strong></span> <span class='ocrx_word' id='word_1_237' title='bbox 829 3449 977 3533; x_wconf 89' lang='grc' dir='ltr'><strong><em>ἐγεγόνεε</em></strong></span> <span class='ocrx_word' id='word_1_238' title='bbox 999 3448 1103 3534; x_wconf 80' lang='grc' dir='ltr'><strong><em>ἡμέρη</em></strong></span> <span class='ocrx_word' id='word_1_239' title='bbox 1122 3451 1212 3517; x_wconf 89' lang='grc' dir='ltr'><strong><em>ἀντι-</em></strong></span> 
     </span>
    </p>
   </div>
   <div class='ocr_carea' id='block_1_4' title="bbox 0 0 1327 3970">
    <p class='ocr_par' dir='ltr' id='par_1_7' title="bbox 0 0 1327 3970">
     <span class='ocr_line' id='line_1_32' title="bbox 0 0 1327 3970; baseline 0 0"><span class='ocrx_word' id='word_1_240' title='bbox 0 0 1327 3970; x_wconf 95' lang='lat' dir='ltr'><strong><em> </em></strong></span> 
     </span>
    </p>
   </div>
  </div>
 </body>
</html>
