2678 3968
207 229 271 292 328
617 227 804 284 HERODOTI

206 372 327 453 ήκονσε
351 379 461 436 ταῦτα.
506 369 586 456 πρὶν
609 370 669 456 μέν
691 396 755 436 νυν
777 371 797 454 ή
820 369 990 437 πυθέσθαι
1013 370 1207 457 ἀνεκώχευε,

207 474 318 540 θέλων
353 475 477 542 εἰδέναι
509 478 546 541 τὸ
573 474 649 563 παρ’
678 473 880 560 Ἀθηναίων,
912 476 1024 542 ὁκοῖόν
1053 501 1085 542 τι
1115 481 1209 561 ποιή-

208 597 315 663 σουσι,
337 580 392 647 καὶ
415 584 492 648 ούτε
514 582 672 668 ἐπήμαινε
695 584 770 648 οὔτε
794 582 919 648 ἐσίνετο
941 593 1006 667 γῆν
1027 584 1088 666 τήν
1108 581 1209 647 Ἀττι-
1300 595 1302 676 ή

207 689 287 770 κήν,
319 686 457 766 ἐλπίζων
493 689 549 753 διά
584 689 705 764 παντὸς
735 697 796 754 τοῦ
832 692 956 774 χρόνον
988 687 1209 772 ὁμολογήσειν
1302 687 1303 756 λ

209 791 324 878 σφέας·
356 792 426 859 ἐπεὶ
453 791 490 859 δὲ
517 793 578 859 ούκ
600 797 727 877 ἔπειθε,
754 799 945 879 πυθόμενος
966 797 1073 861 πάντα
1095 797 1208 877 λόγον,
1302 778 1305 906 E

208 897 288 985 πρὶν
309 898 330 984 ή
352 902 431 976 τοὺς
452 900 532 983 μετὰ
549 903 748 965 Παυσανίεω
767 899 800 976 ἐς
817 902 876 966 τὸν
891 898 1027 986 Ἰσθμὸν
1046 901 1209 984 ἐσβαλεῖν,
1304 911 1305 942 λ

208 1003 406 1089 ὑπεξεχώρεε
433 1004 599 1090 ἐμπρήσας
625 1028 660 1070 τε
686 1007 744 1082 τὰς
768 1000 924 1088 Ἀθήνας,
951 1005 1006 1071 καὶ
1033 1013 1067 1071 εί
1089 1007 1150 1071 κού
1178 1028 1210 1070 τι

209 1110 316 1194 ὀρθὸν
338 1106 380 1194 ήν
402 1122 469 1175 τῶν
490 1109 625 1195 τειχέων
646 1110 666 1194 ή
689 1122 755 1175 τῶν
778 1112 964 1196 οἰκημάτων
987 1111 1008 1195 ή
1030 1123 1097 1177 τῶν
1117 1112 1210 1196 ίρῶν,

208 1217 314 1281 πάντα
340 1217 533 1299 καταβαλὼν
559 1213 614 1280 καί
639 1217 819 1300 συγχώσας.
865 1216 1022 1300 ἐξήλαυνε
1045 1215 1210 1283 δὲτῶνδε

209 1322 348 1404 εἵνεκεν,
376 1323 427 1386 ὅτι
454 1322 529 1386 οὔτε
557 1321 716 1406 ίππασίμη
738 1322 759 1404 ἡ
782 1323 871 1407 χώρη
899 1317 942 1406 ήν
968 1320 1152 1406 ήἈττική,
1180 1330 1215 1388 εί
1309 1321 1310 1390 λ

208 1451 244 1494 τε
270 1435 389 1516 νικῷτο
416 1428 609 1511 συμβαλών,
636 1426 813 1505 ἀπάλλαξις
840 1428 901 1493 οὐκ
922 1423 966 1511 ήν
989 1429 1040 1494 ὅτι
1062 1430 1105 1513 μή
1128 1431 1210 1494 κατὰ

209 1537 357 1616 στεινόν,
385 1534 467 1598 ὥστε
494 1529 549 1596 καὶ
576 1531 709 1614 ὀλίγους
736 1531 839 1617 σφέας
865 1533 1067 1618 ἀνθρώπους
1096 1521 1208 1618 ἴσχειν.

210 1641 401 1725 ἐβουλεύετο
424 1634 472 1704 ών
494 1637 749 1722 ἐπαναχωρήσας
771 1637 804 1714 ἐς
826 1641 883 1715 τὰς
900 1642 1011 1722 Θήβας
1029 1643 1209 1724 συμβαλεῖν

158 1766 192 1815 14
209 1749 292 1832 πρὸς
313 1748 389 1811 πόλι
411 1768 445 1809 τε
468 1747 562 1830 φιλίη
584 1742 638 1810 καί
657 1742 723 1830 (ἐν)
745 1745 835 1829 χώρη
859 1746 1035 1832 ίππασίμῳ.
1071 1747 1209 1830 Μαρδό-

209 1876 281 1929 νιος
303 1849 363 1936 μὲν
386 1852 428 1935 δή
445 1850 654 1936 ὑπεξεχώρεε,
676 1851 741 1933 ήδη
761 1847 797 1915 δὲ
816 1850 852 1915 έν
870 1859 909 1934 τῇ
928 1850 995 1938 ὁδῷ
1014 1851 1103 1916 ἐόντι
1121 1851 1208 1938 αύτῷ

208 1955 293 2042 ήλθε
315 1957 448 2041 ἀγγελίη
472 1958 663 2041 πρόδρομον
681 1957 786 2039 ἀλλην
805 1957 961 2040 στρατιήν
978 1957 1071 2040 ήκειν
1090 1956 1123 2033 ἐς
1140 1956 1208 2022 Μέ-

208 2089 309 2148 γαρα,
336 2064 610 2147 Λακεδαιμονίων
640 2064 774 2146 χιλίους.
824 2063 1015 2144 πυθόμενος
1044 2060 1082 2127 δὲ
1107 2071 1210 2128 ταῦτα

209 2169 413 2252 ἐβουλεύετο,
433 2168 571 2250 [θέλων]
587 2173 621 2232 εί
630 2191 695 2243 κως
713 2167 852 2242 τούτους
868 2177 1000 2248 πρῶτον
1019 2166 1096 2232 ἕλοι.
1130 2168 1210 2233 ὑπο-

210 2272 351 2358 στρέψας
378 2271 415 2338 δὲ
441 2275 502 2356 τήν
530 2274 686 2358 στρατιήν
712 2268 772 2356 ήγε
799 2270 851 2337 ἐπὶ
878 2274 917 2336 τδι
939 2271 1092 2357 Μέγαρα·
1129 2270 1210 2356 ήδὲ

210 2380 308 2454 ἵππος
329 2383 541 2462 προελθοῦσα
564 2379 787 2443 κατιππάσατο
810 2379 921 2462 χώρην
943 2379 1003 2462 τήν
1025 2381 1210 2464 Μεγαρίδα.

211 2485 244 2561 ἐς
269 2484 392 2566 ταύτην
420 2484 461 2566 δή
490 2483 652 2548 ἑκαστάτω
679 2493 736 2566 τῆς
758 2483 922 2568 Εὐρώπης
949 2485 987 2548 τὸ
1010 2485 1092 2567 πρὸς
1114 2485 1211 2567 ήλίου

160 2610 192 2659 15
212 2592 372 2665 δύνοντος
398 2588 419 2671 ή
442 2589 589 2672 Περσική
617 2588 699 2671 αύτη
728 2591 862 2672 στρατιή
885 2589 1025 2654 ἀπίκετο.
1070 2591 1151 2672 μετδι
1174 2587 1212 2654 δὲ

211 2705 312 2762 ταῦτα
339 2695 524 2782 Μαρδονίῳ
551 2689 635 2776 ήλθε
666 2693 800 2776 ἀγγελίη
833 2694 877 2770 ώς
908 2692 999 2770 ἁλέες
1031 2699 1148 2776 είησαν
1179 2696 1213 2760 οί

212 2801 368 2886 Ἕλληνες
399 2799 435 2865 έν
466 2808 511 2887 τῷ
541 2795 671 2887 Ἰσθμῷ.
717 2799 803 2864 οὕτω
836 2800 877 2882 δή
905 2799 1009 2864 ὀπίσω
1037 2799 1213 2884 ἐπορεύετο

212 2910 268 2974 διὰ
289 2905 463 2990 Δεκελέης·
492 2907 527 2970 οί
550 2907 613 2990 γὰρ
641 2905 839 2988 βοιωτάρχαι
866 2903 1110 2988 μετεπέμψαντο
1134 2909 1214 2983 τοὺς

211 3015 425 3099 προσχώρους
451 3023 518 3076 τῶν
542 3008 726 3092 Ἀσωπίων,
755 3005 847 3074 οὗτοι
876 3007 912 3074 δὲ
936 3010 1023 3098 αὐτῷ
1046 3012 1107 3094 τήν
1130 3011 1215 3077 ὁδὸν

211 3116 348 3201 ἡγέοντο
368 3118 401 3194 ἐς
418 3114 644 3203 Σφενδαλέας,
668 3116 825 3181 ἐνθεῦτεν
845 3110 882 3179 δὲ
900 3113 933 3191 ές
955 3116 1139 3200 Τάναγραν.
1176 3117 1216 3182 ἐν

216 3225 370 3307 Τανάγρη
401 3219 437 3287 δὲ
464 3223 567 3287 νύκτα
595 3221 851 3306 ἐναυλισάμενος
872 3219 927 3285 καὶ
949 3232 1152 3304 τραπόμενος
1175 3233 1215 3307 τῇ
1240 3281 1245 3288 .

212 3326 366 3410 ύστεραίη
395 3327 428 3402 ἐς
450 3332 590 3392 Σκῶλον
613 3326 649 3392 ἐν
671 3335 713 3411 γη
735 3335 774 3411 τῇ
793 3329 948 3410 Θηβαίων
970 3321 1020 3409 ήν.
1066 3326 1217 3392 ἐνθαῦτα

213 3425 250 3493 δὲ
263 3439 330 3493 τῶν
344 3433 499 3514 Θηβαίων
512 3434 628 3515 καίπερ
642 3433 846 3515 μηδιζόντων
861 3433 963 3518 ἔκειρε
981 3433 1058 3508 τοὺς
1073 3433 1216 3518 χώρους,
