2640 3960
403 243 533 300 11ο.11.
572 245 649 300 οΑΡ.
669 251 791 302 ιι-ιε.
1032 237 1093 310 111

86 385 217 470 ἀνδρας
250 389 360 476 τρόπφ
395 390 534 476 τοιούτφ
567 391 701 472 κτείνει,
734 390 798 455 ὑπὸ
832 386 868 456 δὲ
899 400 960 456 τοῦ
986 391 1096 476 τετάρ-

84 514 149 556 του
181 494 368 575 Σωφάνεος
407 503 468 560 τοῦ
502 495 676 581 Δεκελέος
701 495 913 580 ἀποθνήσκει.
963 499 1096 580 Λίγινῆ·
1115 513 1149 560 93

84 621 142 662 ται
172 594 209 664 δὲ
231 599 324 665 ἐοῦσι
347 599 513 666 ἀτάκτοισι
537 597 745 683 Ἀθηναίοισι
773 604 997 686 συμβαλόντες
1022 611 1096 686 τῇσι

1 722 2 726 ’
84 702 189 787 νηυσὶ
218 705 374 788 ἐνίκησαν
396 707 455 770 καί
475 721 588 789 σφεων
610 705 688 782 νέας
709 705 864 792 τέσσερας
887 707 1016 772 αὐτοῖσι
1040 707 1095 772 ἀν-

86 809 186 894 δράσι
211 800 310 874 εἷλον.

174 909 382 998 Ἀθηναίοισι
409 912 470 1000 μὲν
498 917 539 1000 δη
565 919 705 1002 πόλεμος
728 925 875 1000 συνῆπτο
897 919 981 1000 πρὸς
1003 919 1096 1000 Αίγι-

85 1023 200 1104 νήτας,
222 1019 241 1086 ό
265 1017 301 1085 δὲ
321 1019 454 1104 Πέρσης
471 1023 508 1087 τὸ
528 1020 654 1088 ἑωυτοῦ
673 1023 789 1106 ἐποίεε,
814 1024 896 1088 ὥστε
914 1023 1095 1108 ἀναμιμνή-
1114 1039 1148 1088 94

85 1128 226 1203 σκοντός
252 1149 287 1192 τε
320 1125 384 1192 αἰεὶ
410 1137 471 1194 τοῦ
497 1128 703 1214 θεράποντος
732 1132 924 1213 μεμνῆσθαί
945 1153 1002 1213 μιν
1028 1139 1096 1193 τῶν

83 1231 274 1318 Ἀθηναίων
305 1229 360 1297 καὶ
390 1233 691 1316 Πεισιστρατιδέων
727 1233 1006 1320 προσκατημένων
1041 1231 1095 1299 καὶ

86 1339 339 1421 διαβαλλόντων
359 1332 573 1422 Ἀθηναίους,
601 1339 668 1424 ἀμα
692 1337 728 1406 δὲ
755 1343 958 1424 βουλόμενος
985 1340 1095 1414 &Aa-

86 1455 176 1528 ρείος
200 1444 321 1527 ταύτης
344 1443 499 1529 ἐχόμενος
520 1453 578 1528 της
599 1444 785 1530 προφάσιος
807 1446 1094 1530 καταστρέφεσθαι

86 1559 143 1634 τῆς
162 1546 319 1626 Ἑλλάδος
344 1550 423 1627 τοὺς
449 1552 492 1634 μη
517 1551 636 1626 δόντας
659 1550 747 1638 αύτςό
771 1559 834 1634 γῆν
857 1573 892 1615 τε
914 1549 969 1615 καὶ
991 1552 1093 1637 ὕδωρ.

80 1657 288 1740 Μαρδόνιον
306 1653 367 1741 μὲν
381 1657 423 1739 δὴ
442 1657 599 1740 φλαύρως
616 1654 783 1741 πρήξαντα
802 1664 847 1743 τῷ
867 1659 972 1744 στόλφ
991 1678 1094 1740 παρα-

88 1765 159 1828 λύει
186 1771 244 1846 τῆς
267 1765 481 1846 στρατηγίης,
505 1763 626 1838 ἀλλους
649 1758 686 1827 δὲ
708 1764 913 1846 στρατηγοὺς
935 1762 1095 1841 ἀποδέξας

88 1865 255 1933 ἀπέστειλε
292 1867 348 1932 ἐπί
376 1889 411 1932 τε
439 1864 609 1952 Ἐρέτριαν
640 1863 695 1930 καὶ
723 1861 881 1950 Ἀθήνας,
914 1870 1021 1933 Δᾶτίν
1048 1892 1093 1951 τε,

0 1968 1 1975 ¹
87 1974 184 2040 ἐόντα
202 1973 325 2057 Μῆδον
343 1971 450 2056 γένος,
473 1969 527 2036 καὶ
544 1966 764 2056 Ἀρταφρένεα
782 1972 841 2036 τὸν
857 1967 1094 2058 Ἀρταφρένεος

85 2081 203 2162 παῖδα,
227 2078 425 2162 ἀδελφιδέον
454 2076 592 2144 ἑωυτοῦ·
621 2076 846 2160 ἐντειλάμενος
869 2074 906 2143 δὲ
928 2078 1093 2163 ἀπέπεμπε

85 2185 431 2268 ἐξανδραποδίσαντας
441 2180 584 2267 Ἀθήνας
593 2180 648 2248 καὶ
659 2180 828 2267 Ἐρέτριαν
837 2182 972 2266 ἀνάγειν
982 2183 1091 2271 ἑωυτῷ

85 2294 120 2370 ἐς
143 2293 224 2368 ὄψιν
245 2291 286 2356 τά
308 2289 511 2374 ἀνδράποδα.
557 2289 601 2366 ὡς
628 2284 665 2352 δὲ
689 2287 724 2352 οί
744 2287 921 2372 στρατηγοὶ
945 2285 1038 2356 οὗτοι
1060 2293 1095 2357 οἱ
1111 2307 1145 2356 95

85 2396 328 2482 ἀποδεχθέντες
347 2398 566 2480 πορευόμενοι
584 2395 673 2478 παρά
690 2392 843 2475 βασιλέος
861 2393 1017 2462 ἀπίκοντο
1035 2407 1092 2481 τῆς

86 2505 239 2585 Κιλικίης
272 2501 304 2578 ές
335 2501 372 2566 τὸ
398 2495 528 2584 Ἀληιον
555 2501 687 2582 πεδίον,
719 2499 785 2583 ἀμα
813 2499 969 2584 ἀγόμενοι
995 2505 1092 2581 πεζὸν

86 2610 229 2694 στρατὸν
248 2608 372 2684 πολλόν
386 2629 420 2670 τε
437 2603 493 2670 καὶ
511 2599 550 2671 εὖ
566 2604 817 2689 ἐσκευασμένον,
836 2606 983 2672 ἐνθαῦτα
997 2624 1091 2691 στρα·

85 2712 376 2797 τοπεδευομένοισι
403 2712 527 2794 ἐπῆλθε
553 2709 614 2795 μὲν
641 2711 659 2776 ὁ
687 2712 842 2788 ναυτικὸς
865 2721 928 2788 πᾶς
955 2714 1101 2795 στρατὸς.

86 2823 104 2886 δ
128 2816 317 2905 ἐπιταχθεὶς
339 2817 519 2900 ἑκάστοισι,
546 2816 767 2902 παρεγένοντο
796 2813 833 2881 δὲ
862 2814 916 2880 καὶ
939 2817 976 2880 αί
996 2818 1092 2880 ίππα-

83 2925 188 3012 γωγοὶ
210 2924 294 3006 νέες,
316 2925 373 3000 τάς
395 2931 440 3011 τῷ
459 2921 607 3008 προτέρω
627 2925 694 2986 έτει·
708 2931 843 3002 προεῖπε
862 2933 948 2986 τοῖσι
967 2920 1092 2985 ἑωυτοῦ

85 3033 332 3116 δασμοφόροισι
346 3033 489 3112 Δαρεῖος
508 3026 695 3112 ἑτοιμάζειν.
731 3025 945 3109 ἐσβαλόμενοι
965 3021 1001 3088 δὲ
1014 3027 1092 3101 τοὺς

85 3141 206 3214 ἵππους
229 3137 263 3214 ές
284 3136 405 3210 ταύτας
427 3131 482 3198 καὶ
504 3134 564 3198 τὸν
583 3133 681 3211 πεζὸν
700 3133 841 3214 στρατὸν
859 3131 1092 3213 ἐσβιβάσαντες

83 3247 117 3323 ἐς
139 3247 198 3322 τάς
220 3242 298 3318 νέας
321 3245 438 3306 ἔπλεον
457 3238 644 3323 έξακοσίησι
662 3240 809 3322 τριήρεσι
827 3235 860 3312 ἐς
877 3237 938 3319 τὴν
952 3233 1090 3320 Ἰωνίην.

83 3352 245 3418 ἐνθεῦτεν
268 3343 305 3412 δέ
328 3346 369 3411 ού
391 3345 479 3428 παρά
501 3345 563 3428 την
585 3328 722 3428 ἤπειρον
746 3337 835 3426 εἶχον
858 3343 915 3418 τάς
934 3341 1012 3419 νέας
1031 3341 1112 3408 ίθὺ’

79 3466 142 3524 τοῦ
164 3479 200 3521 τε
219 3451 466 3536 Ἑλλησπόντου
489 3447 543 3514 καὶ
566 3459 623 3532 τῆς
643 3450 796 3533 Θρηίκης,
821 3443 892 3512 ἀλλ’
919 3447 954 3512 ἐκ
972 3449 1090 3533 Σάμου
