2678 3968
209 194 276 258 290
619 189 804 245 Ηεειοοουι

210 335 336 420 ῆμέρην
358 342 471 422 μακρῷ
491 333 660 419 ἀμείνονες
680 331 775 400 αὐτοὶ
790 331 922 398 ἑωυτῶν
939 332 959 416 ἢ
974 333 1056 417 πρὸς
1070 332 1214 418 Εὐβοίη,

209 451 273 518 πᾶς
294 464 344 518 τις
365 443 638 526 προθυμεόμενος
659 437 714 504 καλ
737 441 916 524 δειμαίνων
940 438 1076 523 Ξέρξην,
1100 438 1214 504 ἐδόκεέ

151 571 191 621 ⁸7
209 571 244 612 τε
268 546 402 623 ἕκαστος
428 545 552 612 έωυτὸν
578 547 769 628 θεήσασθαι
792 543 935 628 βασιλέα.
981 546 1062 609 κατὰ
1084 542 1146 630 μὲν
1170 547 1212 628 δὴ

209 655 288 729 τοὺς
310 654 430 730 ἀλλους
453 651 514 718 οὐκ
536 653 598 736 ἔχω
621 649 846 736 μετεξετέρους
869 652 971 715 εἰπεῖν
991 649 1149 734 ἀτρεκέως
1168 651 1214 726 ὡς

209 757 341 822 ἕκαστοι
354 767 421 822 τῶν
432 757 608 842 βαρβάρων
618 755 638 839 ῆ
648 767 714 820 τῶν
724 752 892 837 Ἑλλήνων
903 755 1115 838 ἠγωνίζοντο·
1131 759 1214 822 κατὰ

210 859 248 928 δέ
263 860 468 948 Ἀρτεμισίην
486 863 563 926 τάδε
582 859 721 944 ἐγένετο,
741 859 795 924 ἀπ’
814 855 861 925 ὧν
875 861 1071 945 εὐδοκίμησε
1085 867 1213 946 μᾶλλον

210 973 258 1034 έτι
271 970 359 1052 παρὰ
368 966 503 1052 βασιλέι.
532 967 643 1050 έπειδῆ
657 967 720 1051 γὰρ
736 967 768 1043 ές
781 969 933 1051 θόρυβον
944 968 1069 1033 πολλὸν
1079 968 1213 1034 ἀπίκετο

210 1077 251 1141 τὰ
273 1073 426 1159 βασιλέος
448 1075 635 1157 πρήγματα,
659 1073 695 1138 ἐν
718 1074 824 1160 τούτφ
847 1081 892 1160 τῷ
915 1081 1019 1160 καιρῷ
1042 1074 1062 1157 ἡ
1086 1084 1169 1157 νηῦς
1191 1076 1213 1158 ἡ

207 1179 410 1266 Ἀρτεμισίης
425 1179 577 1244 ἐδιώκετο
591 1178 655 1245 ὑπὸ
670 1179 744 1255 νεδς
755 1175 911 1263 Ἀττικῆς·
925 1178 1010 1263 καὶῆ
1021 1180 1082 1245 οὐκ
1091 1184 1213 1264 ἔχουσα

210 1291 403 1372 διαφυγεῖν,
433 1289 599 1370 ἔμπροσθε
621 1287 684 1368 γὰρ
711 1284 810 1368 αὐτῆς
832 1281 918 1368 ἦσαν
946 1286 1042 1351 ἀλλαι
1063 1287 1135 1364 νέες
1157 1290 1215 1372 φί·

211 1400 294 1477 λιαι,
316 1393 337 1476 ῆ
356 1388 393 1458 δὲ
412 1392 512 1476 αὐτῆς
530 1391 612 1474 πρὸς
630 1401 696 1454 τῶν
714 1393 880 1474 πολεμίων
899 1391 1038 1475 μάλιστα
1056 1391 1213 1478 ἐτύγχανε

211 1501 327 1582 ἐοῦσα,
355 1495 449 1575 ἔδοξέ
469 1497 504 1562 οί
522 1497 599 1562 τόδε
620 1504 765 1580 ποιῆσαι,
787 1498 824 1562 τὸ
847 1494 902 1562 καὶ
924 1500 1097 1581 συνήνεικε
1119 1521 1214 1583 ποιη-

211 1608 309 1691 σάση·
330 1601 513 1688 διωκομένη
531 1604 595 1688 γὰρ
613 1601 676 1668 ύπδ
690 1610 748 1686 τῆς
758 1599 901 1686 Ἀττικῆς
915 1602 1064 1687 φέρουσα
1078 1602 1214 1688 ἐνέβαλε

210 1710 268 1795 νηὶ
286 1713 380 1796 φιλίη
399 1710 533 1795 ἀνδρῶν
546 1731 581 1774 τε
595 1707 799 1774 Καλυνδέων
817 1706 871 1774 καὶ
886 1709 988 1775 αὐτοῦ
1003 1709 1215 1788 ἐπιπλέοντος

127 1848 130 1856 ·
211 1826 272 1884 τοῦ
290 1813 494 1880 Καλυνδέων
517 1813 669 1898 βασιλέος
686 1815 943 1899 Δαμασιθύμου.
980 1817 1011 1880 εί
1031 1813 1091 1901 μὲν
1109 1820 1167 1882 καί
1181 1843 1214 1882 τι
1316 1825 1317 1852 ³

211 1934 319 1999 νεῖκος
341 1921 423 2007 πρὸς
442 1919 543 1986 αὐτὸν
562 1920 710 2004 ἐγεγόνεε
728 1923 776 1984 έτι
792 1918 867 2005 περὶ
881 1917 1123 2004 Ἑλλήσποντον
1142 1922 1214 1988 ἐόν·
1313 1925 1317 1955 ⁴*

209 2047 293 2111 των,
327 2027 368 2093 οὐ
395 2025 507 2111 μέντοι
534 2029 596 2110 ἔχω
619 2049 657 2109 γε
685 2027 803 2108 εἰπεῖν,
833 2027 908 2092 ούτε
936 2029 967 2092 εί
992 2027 1027 2093 ἐκ
1054 2033 1215 2112 προνοίης

210 2135 295 2200 αὐτὰ
323 2133 469 2217 ἐποίησε,
501 2133 576 2197 οὔτε
598 2133 630 2196 εί
650 2132 853 2217 συνεκύρησε
876 2133 896 2216 ἡ
919 2145 986 2198 τῶν
1008 2134 1215 2201 Καλυνδέων

211 2240 293 2304 κατὰ
315 2240 419 2322 τύχην
440 2246 676 2323 παραπεσοῦσα
695 2247 786 2320 νηῦς.
823 2238 867 2315 ὡς
891 2235 927 2304 δὲ
950 2238 1086 2323 ἐνέβαλέ
1101 2264 1136 2307 τε
1157 2239 1214 2306 καὶ
1313 2283 1314 2286 =

211 2344 386 2425 κατέδυσε,
424 2343 556 2427 εὐτυχίη
593 2340 781 2426 χρησαμένη
814 2344 913 2409 διπλᾶ
945 2342 1070 2430 ἕωυτῆν
1102 2345 1216 2430 ἀγαθά

212 2450 387 2535 έργύσατο·
420 2450 438 2514 ὅ
461 2471 496 2514 τε
522 2450 585 2532 γάρ
613 2457 670 2531 τῆς
689 2445 832 2532 Ἀττικῆς
854 2450 929 2526 νεὸς
950 2453 1147 2537 τριήραρχος
1169 2454 1216 2530 ὡς

211 2553 283 2624 είδέ
304 2579 360 2640 μιν
384 2554 612 2639 ἐμβάλλουσαν
635 2551 691 2636 νηὶ
712 2553 844 2638 ἀνδρῶν
863 2556 1051 2641 βαρβάρων,
1074 2561 1218 2642 νομίσας

210 2667 273 2748 τῆν
295 2661 354 2728 νέα
376 2663 436 2744 τῆν
455 2659 658 2746 Ἀρτεμισίης
684 2659 704 2743 ἢ
724 2657 899 2744 Ἑλληνίδα
921 2657 1006 2726 εἶναι
1028 2661 1049 2747 ἢ
1072 2663 1217 2750 αὐτομο-
1311 2733 1312 2750 η

212 2771 300 2836 λεέιν
332 2769 368 2834 ἐκ
398 2778 464 2831 τῶν
492 2766 670 2851 βαρβάρων
701 2763 756 2829 καὶ
788 2766 917 2832 αὐτοῖσι
948 2766 1100 2851 ἀμύνειν,
1133 2769 1216 2836 ἀπο-

156 2895 194 2946 88
213 2875 354 2963 στρέψας
371 2874 453 2958 πρὸς
471 2874 571 2948 ἀλλας
589 2870 752 2955 ἐτρέπετο.
789 2880 886 2936 τοῦτο
905 2867 965 2956 μέν
978 2882 1110 2938 τοιοῦτο
1130 2874 1218 2960 αὐτῆ

213 2984 385 3064 συνήνεικε
414 2977 571 3062 γενέσθαι
599 2977 776 3060 διαφυγεῖν
802 2999 837 3040 τε
866 2975 921 3042 καὶ
947 2979 991 3062 μὴ
1018 2977 1219 3064 ἀπολέσθαι,
1309 3031 1310 3071 ,

212 3096 310 3152 τοῦτο
334 3082 371 3152 δὲ
394 3082 517 3168 συνέβη
537 3083 619 3148 ὥστε
637 3083 739 3148 κακὸν
758 3081 985 3168 ἐργασαμένην
1003 3084 1066 3149 ἀπὸ
1085 3086 1219 3150 τούτων
1308 3151 1309 3188 ρ

213 3192 317 3276 αὐτὴν
340 3192 478 3271 μάλιστα
501 3191 715 3275 εὐδοκιμῆσαι
735 3191 824 3274 παρὰ
846 3188 959 3275 Ξέρξη.
1000 3189 1127 3274 λέγεται
1149 3193 1217 3276 γάρ
1308 3193 1309 3231 ¹

213 3297 348 3382 βασιλέα
366 3299 554 3382 θηεύμενον
573 3305 694 3382 μαθεῖν
707 3297 768 3380 τὴν
787 3294 846 3362 νέα
861 3295 1079 3380 ἐμβαλοῦσαν,
1097 3294 1153 3361 καὶ
1171 3297 1216 3381 δή

211 3427 287 3468 τινα
306 3405 409 3468 εἰπεῖν
427 3414 493 3468 τῶν
511 3405 714 3486 παρεόντων·
734 3399 898 3484 Δέσποτα,
917 3400 997 3487 ὁρᾷς
1008 3399 1221 3486 Ἀρτεμισίην
1305 3445 1307 3549 ρ

1304 3609 1306 3710 λ
