2678 3968
445 301 510 356 LIB.
526 301 570 356 IX.
609 301 683 356 eAP.
704 309 787 360 1-5.
1054 306 1118 370 323

121 441 280 509 ἐνθεῦτεν
303 439 340 510 δὲ
361 446 440 522 τοὺς
462 446 505 529 μη
530 446 570 509 τά
593 446 635 510 σδ
658 445 861 530 φρονέοντας
883 443 1018 532 ῥηιδίως
1039 450 1119 535 μετά

119 559 188 613 τῶν
206 548 410 616 στασιωτέων
429 550 672 634 καταστρέψεαι.
710 551 745 616 οί
761 548 823 636 μὲν
840 561 941 619 ταῦτα
959 556 1116 640 συνεβού-
1135 573 1151 620 3

120 659 230 738 λευον,
249 655 268 721 ό
288 653 325 721 δέ
343 655 404 721 οὐκ
422 655 582 739 ἐπείθετο,
602 655 684 721 άλλά
703 656 738 721 οί
753 658 863 734 δεινός
879 681 928 734 τις
946 658 1117 728 ἐνέστακτο

119 759 231 845 ἵμερος
252 762 309 838 τάς
327 757 470 844 Ἀθήνας
493 762 628 846 δεύτερα
652 760 748 845 ἑλεῖν,
772 763 838 846 άμα
858 759 918 848 μὲν
936 759 992 829 ὑπ’
1012 765 1117 848 άγνω-

117 867 279 950 μοσύνης,
307 867 373 952 ἅμα
400 863 437 932 δὲ
463 878 619 952 πυρσοῖσι
645 868 701 932 διά
722 869 836 950 νήσων
858 867 968 934 ἐδόκεε
990 872 1119 952 βασιλέι·

118 972 281 1055 δηλώσειν
304 971 391 1037 ἐόντι
415 972 451 1038 ἐν
474 973 617 1058 Σάρδισι
641 973 691 1038 ὅτι
714 975 783 1057 ἔχοι
797 970 946 1058 Ἀθήνας
984 974 1020 1051 ὃς
1038 973 1117 1041 οὐδὲ

116 1080 190 1143 τότε
213 1079 409 1163 άπικόμενος
431 1077 464 1155 ἐς
481 1079 542 1162 την
557 1076 705 1162 Ἀττικὴν
723 1074 799 1165 εὗρε
816 1081 895 1156 τοὺς
909 1076 1118 1164 Ἀθηναίους,

118 1180 188 1248 ἀλλ’
215 1187 252 1249 ἕν
274 1207 309 1249 τε
331 1188 497 1269 Σαλαμῖνι
519 1187 597 1261 τοὺς
618 1188 791 1262 πλείστους
809 1184 1013 1251 ἐπυνθάνετο
1032 1182 1117 1252 είναι

117 1291 155 1354 έν
181 1313 216 1354 τε
242 1298 316 1376 τῇσι
343 1293 459 1374 νηυσί,
488 1288 589 1376 αίρέει
618 1313 653 1356 τε
681 1292 804 1376 ἔρημον
830 1292 868 1355 τὸ
896 1292 986 1356 άστυ.
1030 1290 1051 1376 ἡ
1080 1289 1117 1358 δὲ

116 1394 268 1479 βασιλέος
295 1396 419 1481 αἵρεσις
441 1395 474 1472 ές
495 1397 557 1480 τὴν
578 1394 721 1481 ὑστέρην
743 1397 804 1479 τὴν
827 1397 1027 1481 Μαρδονίου
1049 1397 1116 1463 ἐπι-

116 1505 295 1588 στρατηίην
327 1502 510 1586 δεκάμηνος
541 1500 678 1584 ἐγένετο.
728 1499 797 1568 ἐπεὶ
830 1498 867 1568 δέ
894 1501 930 1568 έν
957 1496 1151 1589 Ἀθηνησιι

116 1605 245 1690 ἐγένετο
264 1607 500 1693 όΜαρδόνιος,
519 1605 636 1692 πέμπει
655 1606 688 1684 ές
706 1612 880 1692 Σαλαμῖνα
894 1609 1115 1693 Μουρυχίδην

115 1714 223 1798 άνδρα
237 1710 494 1796 Ἑλλησπόντιον
507 1711 652 1798 φέροντα
670 1716 748 1789 τοὺς
766 1713 886 1789 αὐτοὺς
901 1715 1022 1796 λόγους
1038 1717 1116 1791 τοὺς

114 1817 170 1882 καλ
188 1817 402 1903 Ἀλέξανδρος
424 1816 443 1884 ὁ
462 1818 628 1882 Μακεδών
650 1828 737 1882 τοῖσι
755 1815 963 1901 Ἀθηναίοισι
986 1819 1115 1903 διεπόρ-

114 1931 249 2009 θμευσε.
285 1932 387 1988 ταῦτα
410 1919 447 1988 δέ
464 1923 502 1988 τὸ
521 1923 677 2008 δεύτερον
695 1921 868 1988 ἀπέστελλε
886 1921 1036 2008 προέχων
1053 1922 1114 2009 μὲν

113 2041 182 2094 τῶν
204 2027 392 2112 Ἀθηναίων
420 2028 461 2093 οὐ
488 2031 601 2112 φιλίας
623 2029 770 2112 γνώμας,
798 2028 930 2104 ἐλπίσας
953 2027 991 2093 δέ
1012 2046 1115 2113 σφεας

114 2136 254 2218 ὑπήσειν
280 2143 338 2218 τῆς
359 2133 598 2218 ἀγνωμοσύνης
621 2132 666 2209 ώς
689 2133 894 2218 δοριαλώτου
917 2133 1036 2218 ἐούσης
1057 2144 1115 2219 τῆς

113 2238 256 2325 Ἀττικῆς
286 2242 394 2325 χώρης
422 2237 476 2305 καὶ
503 2238 622 2321 ἐούσης
647 2231 704 2302 ὑπ’
735 2237 855 2326 ἑωυτῷ.
899 2240 1027 2305 τούτων
1053 2236 1113 2325 μὲν

114 2347 223 2414 εἵνεκα
240 2345 407 2431 ἀπέπεμψε
423 2345 643 2430 Μουρυχίδην
660 2344 694 2422 ἐς
707 2349 894 2430 Σαλαμῖνα·
913 2345 931 2411 ὁ
951 2341 988 2410 δὲ
1001 2343 1112 2411 άπικό·
1131 2360 1148 2410 ο

114 2476 213 2540 μενος
235 2450 287 2518 ἐπὶ
308 2453 369 2536 τὴν
389 2452 516 2535 βουλὴν
534 2453 624 2534 ἔλεγε
641 2452 681 2515 τὰ
698 2452 786 2537 παρὰ
803 2453 1011 2536 Μαρδονίου.
1046 2463 1114 2517 τῶν

114 2556 152 2626 δὲ
181 2557 385 2644 βουλευτέων
416 2558 564 2641 Λυκίδης
595 2551 663 2622 εἷπε
696 2557 833 2642 γνώμην
865 2558 909 2634 ώς
940 2558 975 2623 οί
1004 2557 1112 2624 ἐδόκεε

113 2668 251 2750 άμεινον
277 2659 362 2730 εἶναι
384 2661 583 2748 δεξαμένους
603 2663 663 2728 τὸν
685 2665 787 2746 λόγον
808 2665 868 2728 τόν
891 2678 952 2748 σφι
973 2655 1112 2748 Μουρυ-

112 2774 208 2858 χίδης
234 2769 415 2856 προσφέρει
442 2768 598 2850 ἐξενεῖκαι
626 2767 659 2845 ἐς
684 2769 744 2834 τὸν
772 2769 886 2852 δῆμον.
936 2767 954 2834 ὁ
982 2764 1042 2852 μὲν
1070 2769 1110 2852 δη
1170 2846 1172 2850 .

111 2879 236 2962 ταύτην
261 2877 323 2961 τὴν
351 2875 488 2960 γνώμην
510 2873 723 2958 ἀπεφαίνετο,
756 2877 820 2938 εἴτε
847 2872 888 2955 δη
917 2871 1112 2955 δεδεγμένος

111 2985 260 3070 χρήματα
282 2983 370 3068 παρὰ
387 2981 597 3067 Μαρδονίου,
621 2983 684 3044 είτε
706 2975 761 3042 καὶ
782 2976 884 3042 ταῦτά
904 2976 940 3040 οί
959 2974 1110 3042 ἑάνδανε·

110 3093 281 3172 Ἀθηναῖοι
304 3083 341 3153 δὲ
364 3086 479 3152 αὐτίκα
502 3085 614 3150 δεινὸν
636 3082 863 3168 ποιησάμενοι,
886 3081 975 3147 οἵτε
997 3081 1034 3147 ἐκ
1054 3091 1111 3167 της

110 3200 234 3281 βουλῆς
255 3191 311 3260 καὶ
333 3193 369 3259 οί
389 3191 524 3274 ἔξωθεν,
547 3189 591 3267 ώς
614 3188 790 3270 ἐπίθοντο,
814 3186 1022 3271 περιστάντες
1042 3191 1110 3254 Λυ-

109 3302 208 3385 κίδην
238 3299 438 3365 κατέλευσαν
469 3296 663 3380 βάλλοντες,
698 3294 758 3359 τὸν
790 3288 827 3358 δέ
854 3288 1110 3376 Ἑλλησπόντιον

109 3407 334 3492 Μουρυχίδην
359 3403 552 3489 ἀπέπεμψαν
575 3399 698 3466 ἀσινέα
742 3397 924 3484 γενομένου
947 3394 983 3464 δέ
1004 3400 1109 3485 δορύ-

109 3515 175 3598 βου
202 3512 239 3578 ἐν
260 3519 299 3596 τῇ
322 3514 487 3594 Σαλαμῖνι
509 3502 583 3592 περὶ
605 3507 664 3572 τὸν
686 3506 852 3588 Λυκίδην,
879 3503 1107 3570 πυνθάνονται

840 3609 895 3662 21*
